1942 3112
143 163 195 205 V.
209 157 240 205 '2
257 162 341 217 [9].
359 162 520 216 226--45.v
817 157 1159 204 PHORMIO.
1714 163 1812 200 101

145 296 243 348 Sed
277 313 336 348 ea
364 298 484 363 quin
518 297 578 346 sit
614 296 947 361 ignoscenda?
1007 301 1122 344 PH.
1157 290 1475 361 (scornfulht.)
1503 292 1668 341 Verba
1697 292 1819 340 fiunt

414 379 623 428 mortuO.
1688 380 1817 424 1015

143 469 254 512 DE.
289 461 422 511 Nem
456 477 618 526 neque
653 459 958 525 neglegentia
992 469 1075 509 tua
1110 458 1271 524 neque
1307 459 1422 509 odio
1458 459 1507 507 id
1543 458 1657 506 fecit
1690 466 1789 505 tu0.

143 530 220 593 Ea
236 553 448 593 mortem
463 545 607 593 obiit:
641 542 668 592 e
685 544 850 592 medio
869 544 1000 604 abiit,
1017 544 1105 606 qui
1121 542 1210 590 fuit
1225 543 1277 590 in
1291 558 1342 590 re
1360 542 1452 590 hac
1471 538 1737 603 scrfipulus.
1766 559 1818 598 30

145 626 310 686 Quam
345 627 412 676 ob
446 642 549 675 rem
584 634 631 674 te
667 641 770 686 oro,
802 635 856 675 ut
891 626 983 674 elia
1020 625 1147 674 facta
1182 624 1266 673 tlia
1301 635 1425 684 sunt,
1456 639 1614 687 aequo
1650 623 1818 670 animo

414 710 509 759 hoc
545 710 682 758 feras.
1686 710 1817 754 1020

142 799 260 842 NA.
296 790 667 858 (passz‘onately.)
703 791 839 852 Quid
873 807 968 856 ego
1011 790 1171 855 aequo
1206 791 1412 839 animo?
1460 780 1605 853 cri'pio
1642 789 1820 837 misera

414 872 466 919 in
501 870 593 920 haic
629 887 681 919 re
717 871 815 919 iam
851 869 1116 934 deffingier.

147 951 244 1002 Sed
275 954 391 1017 quid
426 955 652 1017 sperem?
690 952 847 1002 aetete
879 969 1028 1017 porro
1064 953 1229 1001 minsis
1262 949 1581 1016 peccaturl'lm
1615 952 1817 1014 putem?

145 1035 252 1084 Iam
287 1044 392 1084 tum
426 1045 529 1084 erat
564 1034 727 1094 senex,
763 1044 989 1084 senectus
1025 1037 1068 1083 si
1102 1034 1403 1084 verecundos
1440 1033 1566 1082 facit.

143 1106 226 1166 Ᾰη
271 1133 382 1166 mea
428 1118 587 1167 forma
633 1127 780 1182 atque
830 1117 965 1167 aetas
1015 1134 1144 1166 nunc
1195 1117 1354 1180 magis
1402 1114 1676 1180 expetenda
1728 1123 1815 1174 est,

413 1199 696 1263 Demipho?
1765 1218 1817 1258 35

143 1282 279 1343 Quid
313 1283 381 1330 mi
416 1283 496 1331 hie
531 1282 706 1343 adfers,
744 1299 894 1346 quam
941 1283 1007 1331 ob
1054 1298 1158 1331 rem
1200 1290 1458 1345 expectem
1505 1289 1589 1329 aut
1626 1279 1818 1344 sperem

413 1380 561 1428 porro
596 1365 699 1414 non
733 1365 868 1414 fore?
1687 1366 1816 1411 1025

143 1453 260 1496 PH..
291 1445 494 1512 (coming
514 1448 756 1512 fhrzvard
792 1449 895 1495 and
934 1447 1155 1510 speaking
1193 1453 1236 1494 lo
1283 1448 1355 1494 the
1396 1446 1614 1493 audz‘ence
1652 1445 1742 1492 like
1788 1461 1818 1492 a

414 1528 719 1596 town-crz'er.)
768 1517 1018 1594 Exequias
1057 1529 1304 1579 Chremeti
1342 1529 1517 1593 quibus
1564 1535 1637 1576 est
1682 1527 1818 1575 com-

415 1612 618 1661 modum
653 1613 735 1672 ire,
773 1617 883 1662 em!
932 1611 1125 1676 tempus
1161 1620 1246 1660 est.

143 1691 392 1763 (pointing
435 1696 774 1758 triumphant&
814 1701 856 1744 lo
901 1692 1157 1760 Chremes.)
1210 1693 1290 1742 Sic
1328 1693 1489 1743 dabo:
1544 1709 1636 1757 age
1672 1708 1815 1752 nunc,

415 1776 784 1835 Phormionem,
822 1779 910 1842 qui
943 1777 1085 1837 volet,
1123 1776 1380 1826 lacessito:

143 1857 282 1908 Fexo
316 1859 399 1908 tali
433 1858 547 1907 etim
589 1869 869 1920 mactatum,
907 1868 1052 1925 atque
1098 1859 1178 1908 hic
1213 1867 1299 1918 est,
1337 1856 1614 1907 infortt'lnio.
1657 1855 1819 1923 (paces

411 1950 473 2005 up
496 1944 598 1990 and
615 1944 751 1990 down
774 1945 846 1991 the
869 1949 999 2005 stage
1020 1943 1136 1991 with
1161 1943 1358 1990 z’nsolent
1377 1938 1623 2006 bravado.)

141 2019 400 2087 (changing
420 2025 497 2072 luis·
519 2030 618 2072 tone
639 2030 682 2073 lo
706 2042 786 2073 one
809 2026 873 2091 qs
882 2030 1217 2089 conlemptuous
1233 2021 1375 2089 pz'g‘y.)
1409 2023 1601 2072 Redeat
1624 2038 1742 2071 sane
1767 2023 1820 2070 in

412 2105 651 2168 gretiam:
701 2108 801 2155 iam
840 2105 1047 2172 sfipplici
1083 2107 1200 2156 satis
1237 2107 1311 2155 est
1346 2106 1479 2153 mihi.
1761 2125 1816 2164 40

142 2184 310 2239 Habet
343 2186 463 2236 haec
497 2193 547 2237 ei·
581 2188 728 2254 quod,
765 2189 884 2238 dum
918 2190 1059 2249 vivat,
1095 2187 1252 2253 [isque
1300 2189 1364 2237 ad
1413 2203 1581 2236 aurem
1599 2185 1818 2249 roggen-

412 2270 524 2319 niat.
1684 2273 1815 2317 1030

141 2355 258 2398 NA.
293 2349 430 2417 (with
463 2369 619 2416 angry
653 2352 825 2423 irony.)
860 2344 928 2402 Ᾰῖ
962 2369 1077 2403 meo
1112 2354 1300 2414 merito,
1334 2351 1516 2401 credo:
1567 2351 1685 2416 quid
1720 2366 1816 2414 ego

413 2432 543 2483 nl'mc
577 2451 977 2495 commemorem,
1015 2435 1277 2499 Demipho,

144 2513 448 2576 Singulatim,
485 2516 639 2580 quelis
674 2534 770 2582 ego
806 2519 856 2566 in
891 2519 1021 2567 hunc
1057 2516 1266 2566 flierim?
1338 2523 1447 2564 DE.
1492 2515 1622 2564 Novi
1658 2531 1814 2580 aeque

412 2597 579 2647 omnia

143 2676 346 2726 Tecum.
414 2685 530 2728 NA.
567 2679 747 2730 Merito
781 2682 876 2731 hoc
912 2682 1025 2730 meo
1062 2681 1246 2730 videtur
1282 2679 1500 2729 fectum?
1570 2687 1679 2728 DE.
1716 2678 1814 2728 Mi·
1860 2672 1867 2679 ⁹

414 2777 561 2810 nume
596 2762 840 2825 gentium!

143 2839 339 2901 Verum,
364 2844 562 2907 quando
586 2845 682 2893 iam
706 2844 985 2895 eccusando
1010 2846 1115 2895 fieri
1138 2845 1371 2895 infectum
1395 2845 1498 2894 non
1522 2852 1696 2909 potest,
1758 2866 1811 2906 45
