1942 3112
834 97 1080 143 INDEX.

119 247 203 275 non
223 252 260 268 ==
279 246 426 285 nonne,
452 244 541 286 119.

118 290 270 336 nostin,
289 288 356 341 64.

119 344 259 385 nullus
277 357 332 393 es,
358 352 448 396 179.

119 412 220 439 num
238 399 339 452 quid
355 399 429 447 vis,
456 409 504 450 15
514 409 547 438 1.

119 466 347 507 numquam
375 459 420 494 tu
442 454 540 493 odio
570 457 641 492 tuo
670 464 736 493 me
764 452 914 498 vinces,

123 618 164 659 O
186 618 367 669 (elided),
390 618 688 668 Introduction,
710 631 750 670 p.
775 628 839 667 31.

121 672 178 712 ob
196 685 293 720 rem,
317 673 409 724 526.

123 727 407 780 obstupe‘secit,
430 727 520 779 284.
608 753 613 757 ·

122 782 335 828 obtundes,
357 793 450 834 515.

121 836 359 889 ogganniat,
384 847 500 886 1030.

121 891 277 944 oppido
299 891 499 943 (adverb),
520 900 612 943 317.

122 946 339 998 oppositus
357 952 416 986 est
435 947 614 998 pignori,
636 945 729 987 661.

121 1013 228 1053 opus
248 1002 562 1051 (constructions
580 1002 662 1055 of),
683 1014 778 1054 440,
801 1001 893 1052 563.

121 1056 315 1101 oratione,
338 1066 376 1107 5.

121 1164 402 1218 paedagogus,
426 1176 515 1218 144.

121 1219 338 1272 palaestra,
359 1220 453 1271 484.

121 1274 264 1327 pallio,
286 1275 379 1326 844.
487 1275 489 1278 ’

121 1329 338 1382 parasitus,
363 1328 426 1370 28.

120 1383 261 1436 paulo,
282 1385 375 1424 822.

120 1450 210 1490 per-
233 1438 426 1501 (prolix),
447 1440 539 1490 558.

120 1505 194 1546 per
211 1493 432 1542 Silentium,
455 1505 519 1544 30.

119 1547 296 1600 perdidi,
318 1546 410 1597 386.

119 1602 292 1655 perdite,
315 1603 379 1642 82.

119 1657 319 1709 perduint,
345 1668 393 1696 12
399 1667 437 1708 3.

118 1724 297 1764 peregre,
321 1722 410 1763 243.

119 1765 255 1819 pergit
271 1766 421 1814 hercle,
441 1767 534 1820 849.

118 1834 344 1875 perperam,
370 1829 460 1873 745.

118 1875 342 1929 phaleratis
361 1876 494 1927 dictis,
518 1888 610 1928 500.

68 1931 80 1939 “
121 1929 331 1977 Phormio,
355 1940 419 1983 27.

120 1985 354 2038 pistrinum,
376 1997 468 2036 249.

119 2039 378 2092 placabilius,
399 2039 492 2092 961.

119 2093 273 2147 platea,
296 2105 387 2145 215.

120 2149 352 2188 Pleonastic
360 2149 547 2201 phrases,
569 2151 633 2198 80,
657 2151 723 2202 89.

119 2201 355 2254 Pluperfect
375 2202 507 2255 (force
524 2204 605 2256 qs),
628 2216 721 2258 594,
742 2203 836 2257 651.

119 2257 320 2310 pluscula,
342 2256 435 2308 665.

119 2318 244 2365 poeta
261 2318 389 2360 vetus,
413 2323 449 2353 1.

115 2379 228 2420 pone
249 2365 501 2418 (⁴belzind’),
521 2367 614 2417 863.

120 2420 347 2473 popularis,
369 2431 434 2472 35.

120 2474 350 2528 portitores,
372 2485 462 2526 150.

119 2529 299 2583 postilla,
324 2538 415 2581 347.

118 2589 355 2637 postquam,
378 2595 414 2625 1.

119 2644 337 2692 poteretur,
356 2638 450 2691 469.

119 2698 257 2746 potest
279 2693 582 2745 (impersonal),
603 2704 695 2746 303.

118 2747 231 2800 potis
247 2753 319 2797 est,
344 2755 436 2800 379

119 2813 312 2858 praesens
332 2805 362 2856 <‘
374 2803 547 2844 resolute
559 2803 604 2856 ²),
624 2812 719 2857 957.

1001 235 1176 284 praesto,
1201 240 1265 281 51.

1001 290 1272 338 precatorem,
1295 295 1385 336 140.

1000 341 1122 392 preci,
1145 347 1237 391 547·

1001 397 1178 435 Present
1213 394 1451 434 Indicative
1500 394 1598 445 (for
1633 395 1797 434 Future

1056 450 1214 502 Simple
1232 463 1281 488 or
1297 451 1414 488 Pres.
1436 449 1588 501 Suos),
1603 458 1795 501 447‚737.

1001 506 1176 544 Present
1208 503 1431 556 Infinitive
1466 504 1564 556 (for
1596 505 1797 554 Future),

1059 570 1151 610 532·

1002 615 1115 667 prius
1130 627 1255 665 quam
1274 613 1566 664 (construction
1586 614 1660 666 qs),
1679 623 1797 665 1037.

1002 682 1080 721 pro
1102 668 1416 721 (intem‘ectz'on),
1437 680 1529 719 351.

1002 723 1189 776 protelet,
1214 734 1305 773 213.

1003 778 1200 831 protinus,
1226 790 1315 830 190.

1002 833 1269 886 provinciam,
1293 842 1355 883 72.

1002 887 1251 928 Proverbz‘al
1266 888 1452 940 phrases,
1484 888 1548 939 78,
1581 887 1670 937 186,
1703 899 1793 939 203,

1058 943 1151 992 318,
1172 954 1269 995 419,
1291 941 1384 994 506,
1412 941 1505 993 768,
1528 944 1620 995 780.

1002 1003 1103 1049 -pte‚
1128 1006 1217 1049 172.

1000 1053 1142 1105 pudet,
1167 1064 1260 1104 392.

1002 1107 1377 1159 puerili-sententia,
1401 1120 1494 1160 949.

1003 1167 1200 1215 punctum
1221 1162 1427 1215 temporis,
1453 1164 1544 1214 184.

1372 1251 1425 1303 Q.

1002 1332 1203 1380 quantum
1223 1333 1284 1368 est
1302 1327 1371 1379 qui
1392 1328 1544 1377 vivont,
1569 1329 1662 1380 853.

1003 1389 1201 1435 quantum
1222 1388 1368 1435 potest,
1391 1381 1483 1435 674.

1003 1437 1075 1489 qui
1099 1438 1291 1488 (ulmal),
1322 1436 1411 1488 156.

1002 1492 1073 1543 qui
1095 1493 1362 1543 (concessive),
1390 1504 1479 1544 153.

1001 1547 1070 1598 qui
1093 1547 1242 1598 (Aba),
1267 1557 1356 1598 123.

1003 1602 1072 1655 qui
1100 1602 1191 1641 and
1215 1602 1307 1655 quis
1337 1604 1352 1654 ζ
1356 1602 1404 1641 in
1432 1602 1672 1655 questions),
1698 1603 1792 1652 618,

1058 1668 1150 1708 990-

1002 1712 1116 1764 quid,
1137 1710 1202 1762 64.

1002 1766 1102 1819 quid
1121 1766 1268 1818 agitur,
1289 1764 1384 1807 610.

1002 1821 1102 1873 quid
1121 1822 1198 1870 ais,
1223 1831 1312 1873 199.

1001 1876 1102 1928 quid
1120 1875 1223 1916 haec
1241 1876 1444 1925 videntur,
1470 1886 1518 1929 79
1526 1889 1559 1917 2.

1000 1930 1100 1983 quid
1118 1932 1177 1979 ni,
1198 1930 1263 1982 64.

999 1985 1099 2037 quid
1119 1990 1178 2034 tu,
1202 1985 1292 2036 798.

1001 2040 1198 2092 quidnam
1216 2039 1285 2080 hie
1305 2039 1383 2079 sibi
1402 2040 1507 2089 volt,
1529 2041 1621 2091 843.

1000 2095 1112 2146 quin,
1137 2106 1226 2147 209.

1000 2149 1111 2201 quod
1132 2150 1243 2200 (Ace.
1264 2149 1315 2200 of
1325 2149 1505 2201 respect),
1527 2161 1618 2202 155.

1000 2204 1113 2256 quod
1132 2216 1176 2243 es
1195 2203 1357 2255 dignus,
1381 2215 1472 2256 519.

1001 2258 1163 2310 quodne
1182 2271 1260 2309 ego
1279 2257 1480 2309 discripsi,
1502 2271 1595 2312 923.

1001 2325 1127 2365 quom
1150 2313 1348 2364 (spelling
1361 2313 1442 2365 of),
1463 2325 1501 2365 9.

1001 2380 1127 2420 quom
1163 2367 1328 2418 <caus-al
1359 2380 1409 2407 or
1438 2369 1655 2410 concessive
1687 2371 1792 2410 with

1055 2421 1227 2471 India),
1252 2433 1315 2471 23.

1000 2489 1127 2530 quom
1146 2489 1352 2526 maxume,
1374 2487 1464 2527 204.

1001 2587 1170 2631 ratione,
1195 2593 1285 2636 297.
1369 2567 1421 2608 R·

1001 2654 1061 2680 -re
1083 2641 1374 2691 (termination
1393 2643 1443 2696 of
1456 2642 1542 2682 2nd
1554 2647 1664 2696 pers.
1684 2643 1792 2696 sing.

1046 2696 1195 2746 pass),
1216 2704 1307 2747 173-

999 2749 1231 2800 redducere,
1253 2750 1319 2793 86.

997 2804 1114 2855 redit,
1135 2814 1200 2856 55.
