<?xml version="1.0" encoding="UTF-8"?>
<!DOCTYPE html PUBLIC "-//W3C//DTD XHTML 1.0 Transitional//EN"
    "http://www.w3.org/TR/xhtml1/DTD/xhtml1-transitional.dtd">
<html xmlns="http://www.w3.org/1999/xhtml" xml:lang="en" lang="en">
 <head>
  <title>
</title>
<meta http-equiv="Content-Type" content="text/html;charset=utf-8" />
  <meta name='ocr-system' content='tesseract 3.04.00' />
  <meta name='ocr-capabilities' content='ocr_page ocr_carea ocr_par ocr_line ocrx_word'/>
</head>
<body>
  <div class='ocr_page' id='page_1' title='image "./phormiotere00tereuoft_0106.png"; bbox 0 0 1942 3112; ppageno 0'>
   <div class='ocr_carea' id='block_1_1' title="bbox 189 171 1844 230">
    <p class='ocr_par' dir='ltr' id='par_1_1' title="bbox 189 171 1844 230">
     <span class='ocr_line' id='line_1_1' title="bbox 189 171 1844 230; baseline 0.001 -15"><span class='ocrx_word' id='word_1_1' title='bbox 189 179 291 218; x_wconf 78' lang='lat'>102</span> <span class='ocrx_word' id='word_1_2' title='bbox 839 171 1181 220; x_wconf 86' lang='lat' dir='ltr'>PHORMIO.</span> <span class='ocrx_word' id='word_1_3' title='bbox 1485 177 1539 217; x_wconf 91' lang='lat' dir='ltr'>V.</span> <span class='ocrx_word' id='word_1_4' title='bbox 1556 178 1581 219; x_wconf 87' lang='grc'>2</span> <span class='ocrx_word' id='word_1_5' title='bbox 1601 174 1680 230; x_wconf 87' lang='grc'><strong>[9].</strong></span> <span class='ocrx_word' id='word_1_6' title='bbox 1696 174 1844 229; x_wconf 81' lang='lat'><strong>46-63.</strong></span> 
     </span>
    </p>
   </div>
   <div class='ocr_carea' id='block_1_2' title="bbox 187 293 1848 620">
    <p class='ocr_par' dir='ltr' id='par_1_2' title="bbox 188 293 1845 374">
     <span class='ocr_line' id='line_1_2' title="bbox 188 293 1845 374; baseline 0.003 -20"><span class='ocrx_word' id='word_1_7' title='bbox 188 293 423 370; x_wconf 65' lang='lat' dir='ltr'>ignosce:</span> <span class='ocrx_word' id='word_1_8' title='bbox 461 315 582 367; x_wconf 87' lang='lat' dir='ltr'>orat,</span> <span class='ocrx_word' id='word_1_9' title='bbox 622 306 893 368; x_wconf 83' lang='lat' dir='ltr'>confitetur,</span> <span class='ocrx_word' id='word_1_10' title='bbox 929 307 1129 372; x_wconf 73' lang='lat' dir='ltr'>purgat:</span> <span class='ocrx_word' id='word_1_11' title='bbox 1166 309 1285 373; x_wconf 91' lang='lat' dir='ltr'>quid</span> <span class='ocrx_word' id='word_1_12' title='bbox 1319 310 1389 358; x_wconf 91' lang='lat' dir='ltr'>vis</span> <span class='ocrx_word' id='word_1_13' title='bbox 1425 308 1661 374; x_wconf 75' lang='lat' dir='ltr'>amplius?</span> <span class='ocrx_word' id='word_1_14' title='bbox 1715 315 1845 360; x_wconf 90' lang='grc'><strong>1035</strong></span> 
     </span>
    </p>

    <p class='ocr_par' dir='ltr' id='par_1_3' title="bbox 188 375 1847 534">
     <span class='ocr_line' id='line_1_3' title="bbox 188 375 1847 455; baseline 0.002 -18"><span class='ocrx_word' id='word_1_15' title='bbox 188 395 300 437; x_wconf 85' lang='grc' dir='ltr'>ΡΗ.</span> <span class='ocrx_word' id='word_1_16' title='bbox 337 387 520 454; x_wconf 70' lang='lat' dir='ltr'>(asida.)</span> <span class='ocrx_word' id='word_1_17' title='bbox 555 375 834 451; x_wconf 74' lang='lat' dir='ltr'>Enimvero,</span> <span class='ocrx_word' id='word_1_18' title='bbox 867 391 1001 454; x_wconf 77' lang='lat' dir='ltr'>priiis</span> <span class='ocrx_word' id='word_1_19' title='bbox 1038 407 1186 455; x_wconf 90' lang='lat' dir='ltr'>quam</span> <span class='ocrx_word' id='word_1_20' title='bbox 1213 391 1334 440; x_wconf 78' lang='lat' dir='ltr'>haec</span> <span class='ocrx_word' id='word_1_21' title='bbox 1370 392 1452 440; x_wconf 88' lang='lat' dir='ltr'>dat</span> <span class='ocrx_word' id='word_1_22' title='bbox 1486 392 1690 453; x_wconf 90' lang='lat' dir='ltr'>veniam,</span> <span class='ocrx_word' id='word_1_23' title='bbox 1728 392 1847 440; x_wconf 79' lang='lat' dir='ltr'>mihi</span> 
     </span>
     <span class='ocr_line' id='line_1_4' title="bbox 458 471 1147 534; baseline 0.004 -16"><span class='ocrx_word' id='word_1_24' title='bbox 458 471 750 534; x_wconf 86' lang='lat' dir='ltr'>prospiciam</span> <span class='ocrx_word' id='word_1_25' title='bbox 785 481 833 520; x_wconf 91' lang='lat' dir='ltr'>et</span> <span class='ocrx_word' id='word_1_26' title='bbox 869 472 1147 522; x_wconf 75' lang='lat' dir='ltr'>Phaedriae.</span> 
     </span>
    </p>

    <p class='ocr_par' dir='ltr' id='par_1_4' title="bbox 187 551 1848 620">
     <span class='ocr_line' id='line_1_5' title="bbox 187 551 1848 620; baseline 0.002 -21"><span class='ocrx_word' id='word_1_27' title='bbox 187 551 526 618; x_wconf 76' lang='lat' dir='ltr'>(approachz&#39;ng</span> <span class='ocrx_word' id='word_1_28' title='bbox 548 555 649 600; x_wconf 88' lang='lat' dir='ltr'>and</span> <span class='ocrx_word' id='word_1_29' title='bbox 665 555 942 618; x_wconf 80' lang='lat' dir='ltr'><em>addressing</em></span> <span class='ocrx_word' id='word_1_30' title='bbox 963 553 1310 620; x_wconf 79' lang='lat' dir='ltr'><em>Nausistrata.)</em></span> <span class='ocrx_word' id='word_1_31' title='bbox 1346 553 1486 603; x_wconf 73' lang='lat' dir='ltr'>Heus</span> <span class='ocrx_word' id='word_1_32' title='bbox 1518 554 1816 604; x_wconf 72' lang='lat' dir='ltr'>Nausistrata</span> <span class='ocrx_word' id='word_1_33' title='bbox 1837 556 1848 603; x_wconf 79' lang='lat' dir='ltr'>i</span> 
     </span>
    </p>
   </div>
   <div class='ocr_carea' id='block_1_3' title="bbox 460 635 1848 775">
    <p class='ocr_par' dir='ltr' id='par_1_5' title="bbox 460 635 1848 775">
     <span class='ocr_line' id='line_1_6' title="bbox 460 635 1848 700; baseline 0.001 -18"><span class='ocrx_word' id='word_1_34' title='bbox 460 635 592 698; x_wconf 78' lang='lat' dir='ltr'>priiis</span> <span class='ocrx_word' id='word_1_35' title='bbox 641 651 790 699; x_wconf 91' lang='lat' dir='ltr'>quam</span> <span class='ocrx_word' id='word_1_36' title='bbox 836 636 948 684; x_wconf 90' lang='lat' dir='ltr'>huic</span> <span class='ocrx_word' id='word_1_37' title='bbox 994 637 1260 700; x_wconf 89' lang='lat' dir='ltr'>respondes</span> <span class='ocrx_word' id='word_1_38' title='bbox 1306 645 1500 696; x_wconf 89' lang='lat' dir='ltr'>temere,</span> <span class='ocrx_word' id='word_1_39' title='bbox 1537 637 1664 686; x_wconf 72' lang='lat' dir='ltr'>audi.</span> <span class='ocrx_word' id='word_1_40' title='bbox 1732 643 1848 685; x_wconf 92' lang='lat' dir='ltr'>NA.</span> 
     </span>
     <span class='ocr_line' id='line_1_7' title="bbox 462 715 738 775; baseline 0.011 -13"><span class='ocrx_word' id='word_1_41' title='bbox 462 715 596 775; x_wconf 87' lang='lat' dir='ltr'>Quid</span> <span class='ocrx_word' id='word_1_42' title='bbox 631 719 738 765; x_wconf 89' lang='lat' dir='ltr'>est?</span> 
     </span>
    </p>
   </div>
   <div class='ocr_carea' id='block_1_4' title="bbox 189 784 1855 1111">
    <p class='ocr_par' dir='ltr' id='par_1_6' title="bbox 191 784 1750 863">
     <span class='ocr_line' id='line_1_8' title="bbox 191 784 1750 863; baseline 0.002 -17"><span class='ocrx_word' id='word_1_43' title='bbox 191 805 303 846; x_wconf 87' lang='lat' dir='ltr'>PH.</span> <span class='ocrx_word' id='word_1_44' title='bbox 340 784 452 861; x_wconf 75' lang='lat' dir='ltr'>Ego</span> <span class='ocrx_word' id='word_1_45' title='bbox 486 790 644 848; x_wconf 87' lang='lat' dir='ltr'>minas</span> <span class='ocrx_word' id='word_1_46' title='bbox 679 800 874 863; x_wconf 72' lang='lat' dir='ltr'>triginta</span> <span class='ocrx_word' id='word_1_47' title='bbox 907 816 995 863; x_wconf 91' lang='lat' dir='ltr'>per</span> <span class='ocrx_word' id='word_1_48' title='bbox 1029 799 1266 849; x_wconf 75' lang='lat' dir='ltr'>fallaciam</span> <span class='ocrx_word' id='word_1_49' title='bbox 1301 802 1364 849; x_wconf 94' lang='lat' dir='ltr'>ab</span> <span class='ocrx_word' id='word_1_50' title='bbox 1399 800 1511 849; x_wconf 89' lang='lat' dir='ltr'>illoc</span> <span class='ocrx_word' id='word_1_51' title='bbox 1546 799 1750 858; x_wconf 73' lang='lat' dir='ltr'>abstuli:</span> 
     </span>
    </p>

    <p class='ocr_par' dir='ltr' id='par_1_7' title="bbox 189 879 1852 945">
     <span class='ocr_line' id='line_1_9' title="bbox 189 879 1852 945; baseline 0.002 -18"><span class='ocrx_word' id='word_1_52' title='bbox 189 879 289 927; x_wconf 74' lang='lat' dir='ltr'>Eas</span> <span class='ocrx_word' id='word_1_53' title='bbox 325 880 434 927; x_wconf 90' lang='lat' dir='ltr'>dedi</span> <span class='ocrx_word' id='word_1_54' title='bbox 470 888 555 928; x_wconf 87' lang='lat' dir='ltr'>tuo</span> <span class='ocrx_word' id='word_1_55' title='bbox 590 880 768 943; x_wconf 74' lang='lat' dir='ltr'>gnato:</span> <span class='ocrx_word' id='word_1_56' title='bbox 803 882 844 930; x_wconf 89' lang='lat' dir='ltr'>is</span> <span class='ocrx_word' id='word_1_57' title='bbox 878 897 967 945; x_wconf 94' lang='lat' dir='ltr'>pro</span> <span class='ocrx_word' id='word_1_58' title='bbox 1004 897 1089 930; x_wconf 90' lang='lat' dir='ltr'>sua</span> <span class='ocrx_word' id='word_1_59' title='bbox 1125 881 1275 931; x_wconf 76' lang='lat' dir='ltr'>oxore</span> <span class='ocrx_word' id='word_1_60' title='bbox 1311 882 1521 931; x_wconf 73' lang='lat' dir='ltr'>emunda</span> <span class='ocrx_word' id='word_1_61' title='bbox 1558 883 1710 931; x_wconf 61' lang='lat' dir='ltr'>dedit·</span> <span class='ocrx_word' id='word_1_62' title='bbox 1800 903 1852 944; x_wconf 88' lang='lat'>50</span> 
     </span>
    </p>

    <p class='ocr_par' dir='ltr' id='par_1_8' title="bbox 193 959 1855 1111">
     <span class='ocr_line' id='line_1_10' title="bbox 193 959 1855 1030; baseline 0.002 -21"><span class='ocrx_word' id='word_1_63' title='bbox 193 967 304 1010; x_wconf 85' lang='lat' dir='ltr'>CH.</span> <span class='ocrx_word' id='word_1_64' title='bbox 340 959 404 1027; x_wconf 82' lang='lat' dir='ltr'>(to</span> <span class='ocrx_word' id='word_1_65' title='bbox 421 962 664 1022; x_wconf 76' lang='lat' dir='ltr'><em>Phormio,</em></span> <span class='ocrx_word' id='word_1_66' title='bbox 683 963 909 1028; x_wconf 63' lang='lat' dir='ltr'>angrz&#39;ly.)</span> <span class='ocrx_word' id='word_1_67' title='bbox 947 963 1079 1012; x_wconf 74' lang='lat' dir='ltr'>Hem</span> <span class='ocrx_word' id='word_1_68' title='bbox 1104 966 1113 1011; x_wconf 76' lang='grc' dir='ltr'><strong>Ξ</strong></span> <span class='ocrx_word' id='word_1_69' title='bbox 1154 965 1270 1027; x_wconf 93' lang='lat' dir='ltr'>quid</span> <span class='ocrx_word' id='word_1_70' title='bbox 1293 966 1399 1013; x_wconf 79' lang='lat' dir='ltr'>ai&#39;s?</span> <span class='ocrx_word' id='word_1_71' title='bbox 1441 963 1578 1030; x_wconf 77' lang='lat' dir='ltr'><em>(wilh</em></span> <span class='ocrx_word' id='word_1_72' title='bbox 1601 965 1855 1027; x_wconf 79' lang='lat' dir='ltr'>wz‘tlzerz&#39;ng</span> 
     </span>
     <span class='ocr_line' id='line_1_11' title="bbox 462 1043 1853 1111; baseline 0.001 -20"><span class='ocrx_word' id='word_1_73' title='bbox 462 1043 709 1111; x_wconf 83' lang='lat' dir='ltr'>sarcasm.)</span> <span class='ocrx_word' id='word_1_74' title='bbox 758 1052 875 1094; x_wconf 93' lang='lat' dir='ltr'>NA.</span> <span class='ocrx_word' id='word_1_75' title='bbox 916 1045 1093 1094; x_wconf 90' lang='lat' dir='ltr'>Adeon</span> <span class='ocrx_word' id='word_1_76' title='bbox 1128 1047 1382 1109; x_wconf 86' lang='lat' dir='ltr'>indignum</span> <span class='ocrx_word' id='word_1_77' title='bbox 1410 1047 1504 1095; x_wconf 92' lang='lat' dir='ltr'>hoc</span> <span class='ocrx_word' id='word_1_78' title='bbox 1533 1047 1620 1095; x_wconf 74' lang='lat' dir='ltr'>tibi</span> <span class='ocrx_word' id='word_1_79' title='bbox 1655 1046 1853 1104; x_wconf 88' lang='lat' dir='ltr'>videtur,</span> 
     </span>
    </p>
   </div>
   <div class='ocr_carea' id='block_1_5' title="bbox 193 1125 1858 1504">
    <p class='ocr_par' dir='ltr' id='par_1_9' title="bbox 193 1125 1858 1504">
     <span class='ocr_line' id='line_1_12' title="bbox 465 1125 1855 1176; baseline 0.003 -4"><span class='ocrx_word' id='word_1_80' title='bbox 465 1125 591 1174; x_wconf 71' lang='lat' dir='ltr'>filius</span> <span class='ocrx_word' id='word_1_81' title='bbox 1725 1132 1855 1176; x_wconf 90' lang='lat'>1040</span> 
     </span>
     <span class='ocr_line' id='line_1_13' title="bbox 195 1189 1854 1269; baseline 0.002 -15"><span class='ocrx_word' id='word_1_82' title='bbox 195 1206 370 1255; x_wconf 92' lang='lat' dir='ltr'>Homo</span> <span class='ocrx_word' id='word_1_83' title='bbox 406 1207 695 1256; x_wconf 83' lang='lat' dir='ltr'>adulescens</span> <span class='ocrx_word' id='word_1_84' title='bbox 732 1189 771 1257; x_wconf 66' lang='lat' dir='ltr'>si</span> <span class='ocrx_word' id='word_1_85' title='bbox 807 1208 952 1257; x_wconf 88' lang='lat' dir='ltr'>habet</span> <span class='ocrx_word' id='word_1_86' title='bbox 987 1224 1138 1257; x_wconf 90' lang='lat' dir='ltr'>unam</span> <span class='ocrx_word' id='word_1_87' title='bbox 1172 1210 1390 1269; x_wconf 87' lang='lat' dir='ltr'>uxorem,</span> <span class='ocrx_word' id='word_1_88' title='bbox 1427 1218 1480 1257; x_wconf 93' lang='lat' dir='ltr'>tu</span> <span class='ocrx_word' id='word_1_89' title='bbox 1515 1209 1665 1258; x_wconf 78' lang='lat' dir='ltr'>senex</span> <span class='ocrx_word' id='word_1_90' title='bbox 1702 1210 1854 1258; x_wconf 87' lang='lat' dir='ltr'>duas?</span> 
     </span>
     <span class='ocr_line' id='line_1_14' title="bbox 193 1289 1854 1355; baseline 0.002 -19"><span class='ocrx_word' id='word_1_91' title='bbox 193 1289 278 1336; x_wconf 87' lang='lat' dir='ltr'>Nss</span> <span class='ocrx_word' id='word_1_92' title='bbox 330 1289 547 1352; x_wconf 90' lang='lat' dir='ltr'>pudere?</span> <span class='ocrx_word' id='word_1_93' title='bbox 602 1306 702 1354; x_wconf 92' lang='lat' dir='ltr'>quo</span> <span class='ocrx_word' id='word_1_94' title='bbox 755 1290 838 1339; x_wconf 90' lang='lat' dir='ltr'>ore</span> <span class='ocrx_word' id='word_1_95' title='bbox 891 1291 1026 1338; x_wconf 89' lang='lat' dir='ltr'>illum</span> <span class='ocrx_word' id='word_1_96' title='bbox 1075 1291 1390 1354; x_wconf 75' lang='lat' dir='ltr'>obiurgabis?</span> <span class='ocrx_word' id='word_1_97' title='bbox 1443 1291 1686 1355; x_wconf 77' lang='lat' dir='ltr'>respondo</span> <span class='ocrx_word' id='word_1_98' title='bbox 1722 1291 1854 1339; x_wconf 91' lang='lat' dir='ltr'>mihi.</span> 
     </span>
     <span class='ocr_line' id='line_1_15' title="bbox 467 1369 1543 1438; baseline 0 -18"><span class='ocrx_word' id='word_1_99' title='bbox 467 1369 709 1436; x_wconf 76' lang='lat' dir='ltr'>(Chremes</span> <span class='ocrx_word' id='word_1_100' title='bbox 731 1374 922 1421; x_wconf 76' lang='lat' dir='ltr'>shrz’nks</span> <span class='ocrx_word' id='word_1_101' title='bbox 945 1389 1096 1436; x_wconf 76' lang='lat' dir='ltr'>away,</span> <span class='ocrx_word' id='word_1_102' title='bbox 1121 1375 1289 1437; x_wconf 61' lang='lat' dir='ltr'>uttergy</span> <span class='ocrx_word' id='word_1_103' title='bbox 1312 1371 1543 1438; x_wconf 79' lang='lat' dir='ltr'>cruslzed.)</span> 
     </span>
     <span class='ocr_line' id='line_1_16' title="bbox 195 1452 1858 1504; baseline 0.001 -3"><span class='ocrx_word' id='word_1_104' title='bbox 195 1459 304 1501; x_wconf 86' lang='lat' dir='ltr'>DE.</span> <span class='ocrx_word' id='word_1_105' title='bbox 341 1452 504 1501; x_wconf 75' lang='lat' dir='ltr'>Faciet</span> <span class='ocrx_word' id='word_1_106' title='bbox 539 1462 593 1502; x_wconf 91' lang='lat' dir='ltr'>ut</span> <span class='ocrx_word' id='word_1_107' title='bbox 626 1453 772 1503; x_wconf 77' lang='lat' dir='ltr'>voles.</span> <span class='ocrx_word' id='word_1_108' title='bbox 825 1461 940 1503; x_wconf 88' lang='lat' dir='ltr'>NA.</span> <span class='ocrx_word' id='word_1_109' title='bbox 978 1456 1139 1503; x_wconf 88' lang='lat' dir='ltr'>Immo</span> <span class='ocrx_word' id='word_1_110' title='bbox 1175 1463 1227 1503; x_wconf 90' lang='lat' dir='ltr'>ut</span> <span class='ocrx_word' id='word_1_111' title='bbox 1262 1470 1423 1503; x_wconf 88' lang='lat' dir='ltr'>meam</span> <span class='ocrx_word' id='word_1_112' title='bbox 1458 1454 1555 1503; x_wconf 72' lang='lat' dir='ltr'>iam</span> <span class='ocrx_word' id='word_1_113' title='bbox 1592 1455 1714 1504; x_wconf 89' lang='lat' dir='ltr'>scias</span> <span class='ocrx_word' id='word_1_114' title='bbox 1750 1470 1858 1503; x_wconf 87' lang='lat' dir='ltr'>sen·</span> 
     </span>
    </p>
   </div>
   <div class='ocr_carea' id='block_1_6' title="bbox 140 1534 1860 1844">
    <p class='ocr_par' dir='ltr' id='par_1_10' title="bbox 140 1534 1860 1844">
     <span class='ocr_line' id='line_1_17' title="bbox 469 1534 686 1593; baseline 0 -11"><span class='ocrx_word' id='word_1_115' title='bbox 469 1534 686 1593; x_wconf 76' lang='lat' dir='ltr'>tentiam,</span> 
     </span>
     <span class='ocr_line' id='line_1_18' title="bbox 140 1613 1859 1682; baseline 0.002 -19"><span class='ocrx_word' id='word_1_116' title='bbox 140 1613 143 1617; x_wconf 82' lang='grc'><strong>’</strong></span> <span class='ocrx_word' id='word_1_117' title='bbox 196 1615 372 1680; x_wconf 74' lang='lat' dir='ltr'>Neque</span> <span class='ocrx_word' id='word_1_118' title='bbox 408 1632 503 1679; x_wconf 89' lang='lat' dir='ltr'>ego</span> <span class='ocrx_word' id='word_1_119' title='bbox 539 1617 756 1680; x_wconf 86' lang='lat' dir='ltr'>ignosco,</span> <span class='ocrx_word' id='word_1_120' title='bbox 794 1617 954 1682; x_wconf 73' lang='lat' dir='ltr'>noque</span> <span class='ocrx_word' id='word_1_121' title='bbox 1002 1619 1234 1682; x_wconf 90' lang='lat' dir='ltr'>promitto</span> <span class='ocrx_word' id='word_1_122' title='bbox 1282 1619 1558 1682; x_wconf 74' lang='lat' dir='ltr'>quicquam,</span> <span class='ocrx_word' id='word_1_123' title='bbox 1596 1633 1755 1682; x_wconf 85' lang='lat' dir='ltr'>neque</span> <span class='ocrx_word' id='word_1_124' title='bbox 1789 1634 1859 1666; x_wconf 92' lang='lat' dir='ltr'>re-</span> 
     </span>
     <span class='ocr_line' id='line_1_19' title="bbox 469 1698 1860 1761; baseline 0.001 -15"><span class='ocrx_word' id='word_1_125' title='bbox 469 1698 703 1761; x_wconf 79' lang='lat' dir='ltr'>spondeo,</span> <span class='ocrx_word' id='word_1_126' title='bbox 1810 1720 1860 1761; x_wconf 74' lang='lat'>55</span> 
     </span>
     <span class='ocr_line' id='line_1_20' title="bbox 198 1779 1859 1844; baseline 0 -17"><span class='ocrx_word' id='word_1_127' title='bbox 198 1779 337 1828; x_wconf 77' lang='lat' dir='ltr'>Pri&#39;iis</span> <span class='ocrx_word' id='word_1_128' title='bbox 391 1795 539 1843; x_wconf 90' lang='lat' dir='ltr'>quam</span> <span class='ocrx_word' id='word_1_129' title='bbox 587 1790 789 1843; x_wconf 87' lang='lat' dir='ltr'>gnatum</span> <span class='ocrx_word' id='word_1_130' title='bbox 840 1781 1033 1829; x_wconf 73' lang='lat' dir='ltr'>videro:</span> <span class='ocrx_word' id='word_1_131' title='bbox 1100 1782 1202 1829; x_wconf 91' lang='lat' dir='ltr'>eius</span> <span class='ocrx_word' id='word_1_132' title='bbox 1251 1781 1429 1829; x_wconf 73' lang='lat' dir='ltr'>iudfcio</span> <span class='ocrx_word' id='word_1_133' title='bbox 1478 1782 1701 1844; x_wconf 86' lang='lat' dir='ltr'>permitto</span> <span class='ocrx_word' id='word_1_134' title='bbox 1754 1781 1859 1828; x_wconf 86' lang='lat' dir='ltr'>orn-</span> 
     </span>
    </p>
   </div>
   <div class='ocr_carea' id='block_1_7' title="bbox 201 1862 1869 2904">
    <p class='ocr_par' dir='ltr' id='par_1_11' title="bbox 201 1862 1869 2904">
     <span class='ocr_line' id='line_1_21' title="bbox 472 1862 1860 1911; baseline 0.001 -2"><span class='ocrx_word' id='word_1_135' title='bbox 472 1862 565 1909; x_wconf 88' lang='lat' dir='ltr'>nia.</span> <span class='ocrx_word' id='word_1_136' title='bbox 1732 1867 1860 1911; x_wconf 85' lang='lat'>1045</span> 
     </span>
     <span class='ocr_line' id='line_1_22' title="bbox 202 1943 1862 2007; baseline -0.001 -16"><span class='ocrx_word' id='word_1_137' title='bbox 202 1944 353 2004; x_wconf 88' lang='lat' dir='ltr'>Quod</span> <span class='ocrx_word' id='word_1_138' title='bbox 377 1945 419 1991; x_wconf 74' lang='lat' dir='ltr'>is</span> <span class='ocrx_word' id='word_1_139' title='bbox 444 1944 628 1992; x_wconf 88' lang='lat' dir='ltr'>iubebit</span> <span class='ocrx_word' id='word_1_140' title='bbox 653 1943 839 1992; x_wconf 78' lang='lat' dir='ltr'>faciam.</span> <span class='ocrx_word' id='word_1_141' title='bbox 899 1950 1012 1992; x_wconf 85' lang='lat' dir='ltr'>PH.</span> <span class='ocrx_word' id='word_1_142' title='bbox 1040 1944 1216 1991; x_wconf 91' lang='lat' dir='ltr'>Mulier</span> <span class='ocrx_word' id='word_1_143' title='bbox 1239 1943 1430 2007; x_wconf 76' lang='lat' dir='ltr'>sapiens</span> <span class='ocrx_word' id='word_1_144' title='bbox 1455 1959 1519 2003; x_wconf 92' lang='lat' dir='ltr'>es,</span> <span class='ocrx_word' id='word_1_145' title='bbox 1546 1943 1862 1992; x_wconf 80' lang='lat' dir='ltr'>Nausistrata.</span> 
     </span>
     <span class='ocr_line' id='line_1_23' title="bbox 201 2024 1864 2088; baseline 0 -15"><span class='ocrx_word' id='word_1_146' title='bbox 201 2032 317 2073; x_wconf 89' lang='lat' dir='ltr'>NA.</span> <span class='ocrx_word' id='word_1_147' title='bbox 357 2025 490 2074; x_wconf 71' lang='lat' dir='ltr'>Satin</span> <span class='ocrx_word' id='word_1_148' title='bbox 525 2026 611 2073; x_wconf 92' lang='lat' dir='ltr'>tibi</span> <span class='ocrx_word' id='word_1_149' title='bbox 647 2028 753 2074; x_wconf 90' lang='lat' dir='ltr'>est?</span> <span class='ocrx_word' id='word_1_150' title='bbox 839 2032 949 2075; x_wconf 88' lang='lat' dir='ltr'>CH.</span> <span class='ocrx_word' id='word_1_151' title='bbox 989 2026 1146 2075; x_wconf 81' lang='lat' dir='ltr'>Satis?</span> <span class='ocrx_word' id='word_1_152' title='bbox 1194 2027 1348 2074; x_wconf 80' lang='lat' dir='ltr'>immo</span> <span class='ocrx_word' id='word_1_153' title='bbox 1383 2041 1495 2074; x_wconf 90' lang='lat' dir='ltr'>vero</span> <span class='ocrx_word' id='word_1_154' title='bbox 1535 2024 1734 2088; x_wconf 76' lang='lat' dir='ltr'>pfilchre</span> <span class='ocrx_word' id='word_1_155' title='bbox 1771 2026 1864 2073; x_wconf 91' lang='lat' dir='ltr'>dis-</span> 
     </span>
     <span class='ocr_line' id='line_1_24' title="bbox 474 2108 952 2171; baseline 0 -16"><span class='ocrx_word' id='word_1_156' title='bbox 474 2108 609 2166; x_wconf 88' lang='lat' dir='ltr'>cedo,</span> <span class='ocrx_word' id='word_1_157' title='bbox 648 2108 694 2155; x_wconf 76' lang='lat' dir='ltr'>et</span> <span class='ocrx_word' id='word_1_158' title='bbox 729 2109 952 2171; x_wconf 89' lang='lat' dir='ltr'>probe—</span> 
     </span>
     <span class='ocr_line' id='line_1_25' title="bbox 204 2176 1866 2255; baseline -0.001 -18"><span class='ocrx_word' id='word_1_159' title='bbox 204 2188 371 2255; x_wconf 76' lang='lat' dir='ltr'>(apart</span> <span class='ocrx_word' id='word_1_160' title='bbox 413 2195 456 2236; x_wconf 82' lang='lat' dir='ltr'>to</span> <span class='ocrx_word' id='word_1_161' title='bbox 501 2191 575 2237; x_wconf 79' lang='lat' dir='ltr'>the</span> <span class='ocrx_word' id='word_1_162' title='bbox 621 2188 872 2254; x_wconf 85' lang='lat' dir='ltr'>audz‘ence.)</span> <span class='ocrx_word' id='word_1_163' title='bbox 919 2176 983 2237; x_wconf 76' lang='lat' dir='ltr'>Et</span> <span class='ocrx_word' id='word_1_164' title='bbox 1018 2197 1205 2252; x_wconf 86' lang='lat' dir='ltr'>praeter</span> <span class='ocrx_word' id='word_1_165' title='bbox 1239 2204 1390 2251; x_wconf 87' lang='lat' dir='ltr'>spem.</span> <span class='ocrx_word' id='word_1_166' title='bbox 1461 2195 1577 2237; x_wconf 93' lang='lat' dir='ltr'>NA.</span> <span class='ocrx_word' id='word_1_167' title='bbox 1614 2188 1697 2238; x_wconf 73' lang='grc' dir='ltr'>Τά</span> <span class='ocrx_word' id='word_1_168' title='bbox 1730 2197 1866 2237; x_wconf 91' lang='lat' dir='ltr'>tuom</span> 
     </span>
     <span class='ocr_line' id='line_1_26' title="bbox 476 2270 1794 2334; baseline 0 -16"><span class='ocrx_word' id='word_1_169' title='bbox 476 2286 658 2320; x_wconf 89' lang='lat' dir='ltr'>nomen</span> <span class='ocrx_word' id='word_1_170' title='bbox 694 2271 798 2319; x_wconf 76' lang='lat' dir='ltr'>dic:</span> <span class='ocrx_word' id='word_1_171' title='bbox 837 2272 954 2334; x_wconf 90' lang='lat' dir='ltr'>quid</span> <span class='ocrx_word' id='word_1_172' title='bbox 989 2273 1092 2319; x_wconf 89' lang='lat' dir='ltr'>est?</span> <span class='ocrx_word' id='word_1_173' title='bbox 1162 2277 1273 2318; x_wconf 88' lang='lat' dir='ltr'>PH.</span> <span class='ocrx_word' id='word_1_174' title='bbox 1312 2270 1500 2318; x_wconf 89' lang='lat' dir='ltr'>Mihin?</span> <span class='ocrx_word' id='word_1_175' title='bbox 1537 2270 1794 2319; x_wconf 80' lang='lat' dir='ltr'>Phormio:</span> 
     </span>
     <span class='ocr_line' id='line_1_27' title="bbox 203 2351 1869 2411; baseline 0 -12"><span class='ocrx_word' id='word_1_176' title='bbox 203 2353 414 2400; x_wconf 87' lang='lat' dir='ltr'>Vostrae</span> <span class='ocrx_word' id='word_1_177' title='bbox 438 2351 645 2400; x_wconf 88' lang='lat' dir='ltr'>familiae</span> <span class='ocrx_word' id='word_1_178' title='bbox 669 2352 826 2400; x_wconf 74' lang='lat' dir='ltr'>hercle</span> <span class='ocrx_word' id='word_1_179' title='bbox 853 2353 1050 2411; x_wconf 90' lang='lat' dir='ltr'>amicus,</span> <span class='ocrx_word' id='word_1_180' title='bbox 1078 2352 1125 2400; x_wconf 76' lang='lat' dir='ltr'>ot</span> <span class='ocrx_word' id='word_1_181' title='bbox 1147 2360 1231 2400; x_wconf 92' lang='lat' dir='ltr'>tuo</span> <span class='ocrx_word' id='word_1_182' title='bbox 1256 2367 1472 2400; x_wconf 88' lang='lat' dir='ltr'>summus</span> <span class='ocrx_word' id='word_1_183' title='bbox 1497 2351 1778 2400; x_wconf 73' lang='lat' dir='ltr'>Phaedriae.</span> <span class='ocrx_word' id='word_1_184' title='bbox 1814 2358 1869 2399; x_wconf 92' lang='lat'>60</span> 
     </span>
     <span class='ocr_line' id='line_1_28' title="bbox 205 2433 1866 2497; baseline -0.002 -15"><span class='ocrx_word' id='word_1_185' title='bbox 205 2440 321 2482; x_wconf 93' lang='lat' dir='ltr'>NA.</span> <span class='ocrx_word' id='word_1_186' title='bbox 359 2434 605 2493; x_wconf 82' lang='lat' dir='ltr'>Phormio,</span> <span class='ocrx_word' id='word_1_187' title='bbox 644 2443 693 2482; x_wconf 90' lang='lat' dir='ltr'>at</span> <span class='ocrx_word' id='word_1_188' title='bbox 739 2450 833 2496; x_wconf 87' lang='lat' dir='ltr'>ego</span> <span class='ocrx_word' id='word_1_189' title='bbox 871 2433 1060 2482; x_wconf 75' lang='lat' dir='ltr'>ecastor</span> <span class='ocrx_word' id='word_1_190' title='bbox 1105 2433 1308 2495; x_wconf 89' lang='lat' dir='ltr'>posthac</span> <span class='ocrx_word' id='word_1_191' title='bbox 1348 2434 1449 2491; x_wconf 77' lang='lat' dir='ltr'>tibi,</span> <span class='ocrx_word' id='word_1_192' title='bbox 1497 2433 1632 2497; x_wconf 90' lang='lat' dir='ltr'>quod</span> <span class='ocrx_word' id='word_1_193' title='bbox 1676 2441 1866 2497; x_wconf 90' lang='lat' dir='ltr'>potero,</span> 
     </span>
     <span class='ocr_line' id='line_1_29' title="bbox 479 2515 1867 2579; baseline -0.001 -16"><span class='ocrx_word' id='word_1_194' title='bbox 479 2515 612 2579; x_wconf 89' lang='lat' dir='ltr'>quod</span> <span class='ocrx_word' id='word_1_195' title='bbox 647 2516 778 2564; x_wconf 91' lang='lat' dir='ltr'>voles</span> <span class='ocrx_word' id='word_1_196' title='bbox 1738 2517 1867 2562; x_wconf 88' lang='lat'>1050</span> 
     </span>
     <span class='ocr_line' id='line_1_30' title="bbox 206 2595 1868 2660; baseline -0.002 -15"><span class='ocrx_word' id='word_1_197' title='bbox 206 2597 498 2660; x_wconf 75' lang='lat' dir='ltr'>Faciamque</span> <span class='ocrx_word' id='word_1_198' title='bbox 535 2604 582 2645; x_wconf 89' lang='lat' dir='ltr'>et</span> <span class='ocrx_word' id='word_1_199' title='bbox 616 2596 786 2645; x_wconf 75' lang='lat' dir='ltr'>dicam.</span> <span class='ocrx_word' id='word_1_200' title='bbox 868 2604 982 2646; x_wconf 86' lang='lat' dir='ltr'>PH.</span> <span class='ocrx_word' id='word_1_201' title='bbox 1018 2596 1237 2659; x_wconf 89' lang='lat' dir='ltr'>Benigne</span> <span class='ocrx_word' id='word_1_202' title='bbox 1274 2596 1406 2645; x_wconf 76' lang='lat' dir='ltr'>dicis.</span> <span class='ocrx_word' id='word_1_203' title='bbox 1487 2602 1606 2645; x_wconf 91' lang='lat' dir='ltr'>NA.</span> <span class='ocrx_word' id='word_1_204' title='bbox 1642 2595 1731 2644; x_wconf 94' lang='lat' dir='ltr'>Pol</span> <span class='ocrx_word' id='word_1_205' title='bbox 1766 2610 1868 2642; x_wconf 88' lang='lat' dir='ltr'>me-</span> 
     </span>
     <span class='ocr_line' id='line_1_31' title="bbox 476 2677 918 2728; baseline 0.005 -2"><span class='ocrx_word' id='word_1_206' title='bbox 476 2677 625 2727; x_wconf 74' lang='lat' dir='ltr'>ritum</span> <span class='ocrx_word' id='word_1_207' title='bbox 660 2687 735 2727; x_wconf 89' lang='lat' dir='ltr'>est</span> <span class='ocrx_word' id='word_1_208' title='bbox 770 2687 918 2728; x_wconf 88' lang='lat' dir='ltr'>tuom.</span> 
     </span>
     <span class='ocr_line' id='line_1_32' title="bbox 208 2757 1866 2824; baseline -0.004 -13"><span class='ocrx_word' id='word_1_209' title='bbox 208 2769 320 2811; x_wconf 88' lang='lat' dir='ltr'>PH.</span> <span class='ocrx_word' id='word_1_210' title='bbox 358 2762 459 2809; x_wconf 82' lang='lat' dir='ltr'>Vi&#39;n</span> <span class='ocrx_word' id='word_1_211' title='bbox 493 2761 707 2824; x_wconf 89' lang='lat' dir='ltr'>primum</span> <span class='ocrx_word' id='word_1_212' title='bbox 746 2760 888 2810; x_wconf 92' lang='lat' dir='ltr'>hodie</span> <span class='ocrx_word' id='word_1_213' title='bbox 923 2759 1076 2810; x_wconf 70' lang='lat' dir='ltr'>facere</span> <span class='ocrx_word' id='word_1_214' title='bbox 1125 2759 1256 2824; x_wconf 91' lang='lat' dir='ltr'>quod</span> <span class='ocrx_word' id='word_1_215' title='bbox 1303 2775 1396 2822; x_wconf 87' lang='lat' dir='ltr'>ego</span> <span class='ocrx_word' id='word_1_216' title='bbox 1442 2757 1696 2822; x_wconf 73' lang='lat' dir='ltr'>gatideam,</span> <span class='ocrx_word' id='word_1_217' title='bbox 1732 2757 1866 2805; x_wconf 89' lang='lat' dir='ltr'>Nau-</span> 
     </span>
     <span class='ocr_line' id='line_1_33' title="bbox 481 2844 683 2904; baseline -0.005 -13"><span class='ocrx_word' id='word_1_218' title='bbox 481 2844 683 2904; x_wconf 77' lang='lat' dir='ltr'>sistrata,</span> 
     </span>
    </p>
   </div>
  </div>
 </body>
</html>
