1884 3042
175 88 242 143 72·
835 85 1179 133 PHORMJO.
1371 91 1428 132 11.
1450 91 1488 134 6.
1509 91 1611 145 [111.
1631 92 1690 146 3.]
1712 105 1829 148 9-24.

174 227 281 269 GE.
318 207 497 268 stane?
568 226 684 269 AN.
733 221 820 269 Ita.
894 229 1000 270 GE.
1045 223 1171 271 Sane
1205 221 1366 272 hercle
1401 223 1596 287 pulchre
1628 221 1829 276 suades:

441 302 587 350 etiam
623 311 673 350 tu
708 303 820 350 hinc
856 304 990 352 abis?
1734 368 1739 373 .

173 384 290 433 Non
327 384 588 447 triumpho,
626 400 686 431 ex
722 383 902 447 nuptiis
938 387 1031 433 tuis
1068 387 1110 434 si
1144 386 1211 433 nil
1246 387 1500 436 nanciscor
1534 389 1663 448 mali,
1782 410 1830 440 10

173 467 238 514 Ni
276 466 419 515 etiam
455 482 583 514 nunc
620 482 700 514 me
741 467 882 515 huius
923 466 1071 516 carisa
1117 485 1345 532 quaerere
1391 471 1442 518 in
1487 471 1617 520 malo
1664 471 1830 522 iubeas

441 563 637 596 crucem
656 549 674 596 ?

172 637 288 679 AN.
325 628 509 677 Verum
544 629 620 677 hic
658 630 783 678 dicit.
854 637 966 679 PH.
993 629 1330 697 (plaintively.)
1360 633 1525 692 Quid?
1561 650 1654 698 ego
1678 636 1828 694 vobis,

442 710 581 770 Geta,
617 712 801 759 alienus
837 715 977 762 sum?
1049 721 1155 762 GE.
1194 713 1343 763 Haud
1378 725 1523 778 puto:
1553 752 1556 754 Α
1731 721 1827 766 545

174 794 269 842 Sed
315 794 549 857 parumne
597 803 681 853 est,
735 795 868 858 quod
917 796 1142 844 omnibus
1195 813 1326 845 nunc
1385 798 1528 846 nobis
1581 798 1828 848 suscenset

442 891 605 935 senex,

170 958 235 1006 Ni
271 958 556 1021 instigemus
592 957 753 1018 etiam,
793 967 845 1006 ut
881 959 1042 1009 nullus
1078 959 1213 1008 locus
1248 959 1546 1024 relinquatur
1579 963 1742 1025 preci?

169 1047 280 1089 PH.
317 1029 455 1088 Alius
490 1041 552 1088 ab
588 1041 741 1088 ocuh's
776 1042 898 1090 meis
926 1042 1059 1090 illam
1083 1042 1133 1089 in
1157 1044 1378 1105 ignotum
1403 1043 1610 1093 abducet
1633 1044 1827 1093 locum?

439 1122 552 1169 hem
574 1123 584 1170 Ι
1780 1146 1827 1187 15

168 1204 406 1268 (speaking
439 1205 654 1267 solemn&
677 1206 777 1252 and
794 1203 989 1270 slowty.)
1027 1206 1161 1254 Tum
1197 1206 1352 1269 igitur,
1392 1206 1509 1254 dum
1543 1194 1655 1255 lieet
1689 1207 1827 1256 dum-

438 1302 534 1349 que
570 1287 754 1347 adsum,
791 1286 1043 1350 loquimini
1079 1303 1287 1346 mecum,
1324 1276 1556 1351 Antipho,

169 1368 585 1432 Contemplamini
631 1385 726 1417 me.
797 1375 914 1418 AN.
965 1367 1102 1436 (with
1140 1387 1258 1418 some
1302 1368 1496 1436 alarm.)
1546 1370 1710 1430 Quam
1763 1373 1828 1420 ob

438 1452 573 1498 rem?
611 1460 691 1498 aut
727 1452 962 1514 quidnam
997 1451 1221 1511 facturus,
1258 1452 1412 1500 cedo?
1729 1458 1826 1502 550

169 1539 280 1581 PH.
332 1531 549 1595 Quoquo
585 1533 696 1581 hinc
734 1533 1057 1596 asportabitur
1093 1534 1340 1593 terrarum,
1379 1542 1561 1582 certum
1602 1542 1674 1582 est
1718 1534 1826 1597 per-

440 1615 646 1677 sequi—
683 1613 757 1680 (he
778 1616 1029 1678 complete-ly
1053 1616 1212 1663 breaks
1236 1616 1368 1663 down
1401 1617 1501 1663 and
1516 1616 1719 1677 finishes
1752 1617 1827 1664 his

439 1702 635 1743 sentence
658 1697 858 1758 through
883 1698 958 1744 his
981 1695 1115 1761 sobs.)

167 1777 266 1827 Aut
312 1778 480 1842 perire.
524 1775 745 1843 (turning
784 1775 959 1843 away.)
1031 1785 1138 1826 GE.
1189 1779 1257 1826 Di
1291 1780 1415 1827 bene
1457 1786 1645 1828 vortant
1691 1779 1823 1842 quod

438 1875 581 1922 agas:
623 1861 969 1923 pedetemptim
1005 1869 1181 1909 tamen.

169 1950 286 1994 AN.
339 1943 468 1991 Vide
521 1943 560 1991 si
610 1943 727 2006 quid
780 1943 886 2005 opis
938 1943 1076 2005 potes
1129 1943 1314 1992 adferre
1367 1943 1492 1992 huic.
1580 1950 1686 1992 GE.
1743 1943 1828 1991 ‘Si

438 2023 614 2089 quid³?
664 2025 815 2089 quid?
885 2031 1001 2073 AN.
1054 2025 1258 2085 Quaere,
1297 2026 1525 2074 obsecro:
1776 2045 1827 2074 20

170 2108 246 2157 Ne
283 2109 400 2172 quid
435 2107 544 2171 plus
579 2105 795 2155 minusve
831 2107 963 2166 faxit,
1002 2107 1134 2170 quod
1170 2124 1260 2156 nos
1295 2116 1406 2170 post
1439 2107 1617 2171 pigeat,
1651 2107 1790 2157 Geta.

170 2198 276 2241 GE.
315 2187 579 2258 (assuming
613 2207 676 2237 an
711 2190 899 2237 altitude
934 2190 997 2254 of
1008 2191 1108 2252 deep
1144 2188 1368 2254 thought.)
1406 2189 1619 2248 Quaero.
1656 2190 1731 2256 (he
1753 2207 1825 2238 re-

438 2274 591 2320 mains
626 2288 742 2319 some
776 2277 988 2319 moments
1022 2273 1188 2319 buried
1216 2274 1265 2319 in
1301 2273 1495 2334 thought
1505 2289 1529 2328 ,·
1565 2273 1670 2320 then
1709 2273 1824 2321 with

436 2355 608 2402 sudden
654 2355 820 2401 elation
865 2356 981 2401 cries
1028 2351 1136 2418 out.)
1187 2353 1353 2402 Salvos
1400 2353 1486 2411 est,
1536 2362 1588 2402 ut
1639 2354 1825 2416 opinor.

438 2435 576 2499 (with
627 2453 657 2483 a
711 2436 886 2497 change
943 2435 1006 2498 af
1037 2431 1168 2498 tone.)
1226 2434 1412 2482 Verum
1468 2435 1599 2484 enim
1657 2435 1823 2483 metuo

436 2518 632 2566 malum.
1490 2520 1493 2523 “
1727 2520 1824 2565 555

168 2606 284 2648 AN.
320 2599 435 2647 Noli
469 2608 714 2647 metuere:
770 2614 868 2646 una
904 2607 1064 2646 tecum
1100 2597 1230 2646 bona
1265 2599 1394 2646 mala
1428 2597 1748 2647 tolerabimus.

170 2689 277 2731 GE.
313 2679 532 2747 (turning
566 2686 609 2728 to
641 2679 921 2745 Phaedria.)
947 2679 1197 2739 Quantum
1234 2695 1356 2742 opus
1392 2688 1465 2728 est
1500 2680 1591 2728 tibi
1620 2678 1821 2742 argenti,

439 2763 651 2827 loquere.
720 2768 834 2810 PH.
874 2761 1014 2810 Solae
1050 2760 1243 2824 triginta
1277 2762 1451 2810 minae.
