<?xml version="1.0" encoding="UTF-8"?>
<!DOCTYPE html PUBLIC "-//W3C//DTD XHTML 1.0 Transitional//EN"
    "http://www.w3.org/TR/xhtml1/DTD/xhtml1-transitional.dtd">
<html xmlns="http://www.w3.org/1999/xhtml" xml:lang="en" lang="en">
 <head>
  <title>
</title>
<meta http-equiv="Content-Type" content="text/html;charset=utf-8" />
  <meta name='ocr-system' content='tesseract 3.04.00' />
  <meta name='ocr-capabilities' content='ocr_page ocr_carea ocr_par ocr_line ocrx_word'/>
</head>
<body>
  <div class='ocr_page' id='page_1' title='image "./phormiotere00tereuoft_0049.png"; bbox 0 0 1884 3042; ppageno 0'>
   <div class='ocr_carea' id='block_1_1' title="bbox 35 0 88 84">
    <p class='ocr_par' dir='ltr' id='par_1_1' title="bbox 35 0 88 84">
     <span class='ocr_line' id='line_1_1' title="bbox 35 0 88 84; baseline 0 -66"><span class='ocrx_word' id='word_1_1' title='bbox 35 0 88 84; x_wconf 46' lang='grc' dir='ltr'><strong>ξ,</strong></span> 
     </span>
    </p>
   </div>
   <div class='ocr_carea' id='block_1_2' title="bbox 6 78 1705 165">
    <p class='ocr_par' dir='ltr' id='par_1_2' title="bbox 6 66 1705 165">
     <span class='ocr_line' id='line_1_2' title="bbox 6 78 1705 165; baseline 0.001 -21"><span class='ocrx_word' id='word_1_2' title='bbox 6 106 10 107; x_wconf 55' lang='grc'>’</span> <span class='ocrx_word' id='word_1_3' title='bbox 35 78 133 155; x_wconf 76' lang='lat'><strong>32</strong></span> <span class='ocrx_word' id='word_1_4' title='bbox 156 113 302 156; x_wconf 81' lang='lat'><strong>15-42.</strong></span> <span class='ocrx_word' id='word_1_5' title='bbox 363 134 367 138; x_wconf 66' lang='grc'>,</span> <span class='ocrx_word' id='word_1_6' title='bbox 702 99 1045 145; x_wconf 81' lang='lat' dir='ltr'><em>PHORMJO.</em></span> <span class='ocrx_word' id='word_1_7' title='bbox 1634 109 1705 165; x_wconf 86' lang='lat'><strong>45</strong></span> 
     </span>
    </p>
   </div>
   <div class='ocr_carea' id='block_1_3' title="bbox 0 236 1707 2862">
    <p class='ocr_par' dir='ltr' id='par_1_3' title="bbox 35 236 1707 304">
     <span class='ocr_line' id='line_1_3' title="bbox 35 236 1707 304; baseline -0.001 -13"><span class='ocrx_word' id='word_1_8' title='bbox 35 241 149 298; x_wconf 67' lang='lat' dir='ltr'><strong>DA.</strong></span> <span class='ocrx_word' id='word_1_9' title='bbox 207 240 338 290; x_wconf 88' lang='lat' dir='ltr'><strong>Tam</strong></span> <span class='ocrx_word' id='word_1_10' title='bbox 403 238 554 304; x_wconf 75' lang='lat' dir='ltr'><strong>quam</strong></span> <span class='ocrx_word' id='word_1_11' title='bbox 618 240 683 286; x_wconf 83' lang='lat' dir='ltr'><strong>te.</strong></span> <span class='ocrx_word' id='word_1_12' title='bbox 787 244 893 286; x_wconf 79' lang='lat' dir='ltr'><strong>GE.</strong></span> <span class='ocrx_word' id='word_1_13' title='bbox 954 237 1129 286; x_wconf 90' lang='lat' dir='ltr'><strong>Evenit</strong></span> <span class='ocrx_word' id='word_1_14' title='bbox 1197 236 1394 288; x_wconf 89' lang='lat' dir='ltr'><strong>senibus</strong></span> <span class='ocrx_word' id='word_1_15' title='bbox 1465 240 1707 290; x_wconf 70' lang='lat' dir='ltr'><strong>ambobus</strong></span> 
     </span>
    </p>

    <p class='ocr_par' dir='ltr' id='par_1_4' title="bbox 47 322 1705 384">
     <span class='ocr_line' id='line_1_4' title="bbox 47 322 1705 384; baseline 0.001 -14"><span class='ocrx_word' id='word_1_16' title='bbox 47 358 50 359; x_wconf 26' lang='grc' dir='ltr'><em>ν</em></span> <span class='ocrx_word' id='word_1_17' title='bbox 306 322 449 371; x_wconf 89' lang='lat' dir='ltr'><strong>Simul</strong></span> <span class='ocrx_word' id='word_1_18' title='bbox 1568 344 1612 384; x_wconf 84' lang='lat'><strong>15</strong></span> <span class='ocrx_word' id='word_1_19' title='bbox 1643 327 1705 371; x_wconf 84' lang='lat'><strong>65</strong></span> 
     </span>
    </p>

    <p class='ocr_par' dir='ltr' id='par_1_5' title="bbox 35 400 1421 461">
     <span class='ocr_line' id='line_1_5' title="bbox 35 400 1421 461; baseline -0.002 -6"><span class='ocrx_word' id='word_1_20' title='bbox 35 400 135 455; x_wconf 88' lang='lat' dir='ltr'><strong>Iter</strong></span> <span class='ocrx_word' id='word_1_21' title='bbox 169 405 237 453; x_wconf 92' lang='lat' dir='ltr'><strong>ssli</strong></span> <span class='ocrx_word' id='word_1_22' title='bbox 273 406 319 454; x_wconf 90' lang='lat' dir='ltr'><strong>in</strong></span> <span class='ocrx_word' id='word_1_23' title='bbox 358 404 603 452; x_wconf 86' lang='lat' dir='ltr'><strong>Lemnum</strong></span> <span class='ocrx_word' id='word_1_24' title='bbox 638 410 692 450; x_wconf 88' lang='lat' dir='ltr'><strong>ut</strong></span> <span class='ocrx_word' id='word_1_25' title='bbox 726 401 868 461; x_wconf 89' lang='lat' dir='ltr'><strong>esset,</strong></span> <span class='ocrx_word' id='word_1_26' title='bbox 906 410 1074 451; x_wconf 90' lang='lat' dir='ltr'><strong>nostro</strong></span> <span class='ocrx_word' id='word_1_27' title='bbox 1113 402 1162 450; x_wconf 92' lang='lat' dir='ltr'><strong>in</strong></span> <span class='ocrx_word' id='word_1_28' title='bbox 1199 402 1421 452; x_wconf 75' lang='lat' dir='ltr'><strong>Ciliciam</strong></span> 
     </span>
    </p>

    <p class='ocr_par' dir='ltr' id='par_1_6' title="bbox 34 485 1376 551">
     <span class='ocr_line' id='line_1_6' title="bbox 34 485 1376 551; baseline -0.002 -14"><span class='ocrx_word' id='word_1_29' title='bbox 34 485 116 538; x_wconf 79' lang='lat' dir='ltr'><strong>Ad</strong></span> <span class='ocrx_word' id='word_1_30' title='bbox 148 487 389 551; x_wconf 74' lang='lat' dir='ltr'><strong>hospitem</strong></span> <span class='ocrx_word' id='word_1_31' title='bbox 424 487 704 550; x_wconf 90' lang='lat' dir='ltr'><strong>antiquom:</strong></span> <span class='ocrx_word' id='word_1_32' title='bbox 742 486 784 532; x_wconf 88' lang='lat' dir='ltr'><strong>is</strong></span> <span class='ocrx_word' id='word_1_33' title='bbox 822 501 989 533; x_wconf 91' lang='lat' dir='ltr'><strong>senem</strong></span> <span class='ocrx_word' id='word_1_34' title='bbox 1024 501 1111 548; x_wconf 90' lang='lat' dir='ltr'><strong>per</strong></span> <span class='ocrx_word' id='word_1_35' title='bbox 1146 486 1376 549; x_wconf 73' lang='lat' dir='ltr'><strong>epistulas</strong></span> 
     </span>
    </p>

    <p class='ocr_par' dir='ltr' id='par_1_7' title="bbox 35 567 1220 631">
     <span class='ocr_line' id='line_1_7' title="bbox 35 567 1220 631; baseline -0.004 -10"><span class='ocrx_word' id='word_1_36' title='bbox 35 569 254 630; x_wconf 86' lang='lat' dir='ltr'><strong>Pellexit‚</strong></span> <span class='ocrx_word' id='word_1_37' title='bbox 291 570 440 620; x_wconf 90' lang='lat' dir='ltr'><strong>modo</strong></span> <span class='ocrx_word' id='word_1_38' title='bbox 475 585 578 618; x_wconf 91' lang='lat' dir='ltr'><strong>non</strong></span> <span class='ocrx_word' id='word_1_39' title='bbox 613 567 795 616; x_wconf 78' lang='lat' dir='ltr'><strong>montis</strong></span> <span class='ocrx_word' id='word_1_40' title='bbox 832 568 936 616; x_wconf 91' lang='lat' dir='ltr'><strong>auri</strong></span> <span class='ocrx_word' id='word_1_41' title='bbox 971 568 1220 631; x_wconf 79' lang='lat' dir='ltr'><strong>pollicens.</strong></span> 
     </span>
    </p>

    <p class='ocr_par' dir='ltr' id='par_1_8' title="bbox 36 650 1596 715">
     <span class='ocr_line' id='line_1_8' title="bbox 36 650 1596 715; baseline -0.002 -12"><span class='ocrx_word' id='word_1_42' title='bbox 36 658 148 703; x_wconf 81' lang='lat' dir='ltr'><strong>DA.</strong></span> <span class='ocrx_word' id='word_1_43' title='bbox 188 653 322 714; x_wconf 91' lang='lat' dir='ltr'><strong>Quoi</strong></span> <span class='ocrx_word' id='word_1_44' title='bbox 355 652 490 702; x_wconf 72' lang='lat' dir='ltr'><strong>tanta</strong></span> <span class='ocrx_word' id='word_1_45' title='bbox 525 660 628 700; x_wconf 88' lang='lat' dir='ltr'><strong>erat</strong></span> <span class='ocrx_word' id='word_1_46' title='bbox 654 665 740 699; x_wconf 74' lang='lat' dir='ltr'><strong>vres</strong></span> <span class='ocrx_word' id='word_1_47' title='bbox 776 651 823 699; x_wconf 87' lang='lat' dir='ltr'><strong>et</strong></span> <span class='ocrx_word' id='word_1_48' title='bbox 860 653 1140 715; x_wconf 88' lang='lat' dir='ltr'><strong>supererat?</strong></span> <span class='ocrx_word' id='word_1_49' title='bbox 1213 659 1325 702; x_wconf 56' lang='grc' dir='ltr'><strong>ΘΕ,</strong></span> <span class='ocrx_word' id='word_1_50' title='bbox 1359 650 1596 700; x_wconf 88' lang='lat' dir='ltr'><strong>Desinas:</strong></span> 
     </span>
    </p>

    <p class='ocr_par' dir='ltr' id='par_1_9' title="bbox 39 733 1706 881">
     <span class='ocr_line' id='line_1_9' title="bbox 39 733 1706 800; baseline 0 -16"><span class='ocrx_word' id='word_1_51' title='bbox 39 734 119 785; x_wconf 88' lang='lat' dir='ltr'><strong>Sic</strong></span> <span class='ocrx_word' id='word_1_52' title='bbox 154 735 228 785; x_wconf 88' lang='lat' dir='ltr'><strong>est</strong></span> <span class='ocrx_word' id='word_1_53' title='bbox 261 736 524 799; x_wconf 83' lang='lat' dir='ltr'><strong>ingenium.</strong></span> <span class='ocrx_word' id='word_1_54' title='bbox 595 742 706 784; x_wconf 87' lang='lat' dir='ltr'><strong>DA.</strong></span> <span class='ocrx_word' id='word_1_55' title='bbox 746 733 884 799; x_wconf 81' lang='lat' dir='ltr'><em>(wz‘llz</em></span> <span class='ocrx_word' id='word_1_56' title='bbox 920 752 983 782; x_wconf 85' lang='lat' dir='ltr'><strong>an</strong></span> <span class='ocrx_word' id='word_1_57' title='bbox 1019 740 1211 799; x_wconf 74' lang='lat' dir='ltr'><strong>attempt</strong></span> <span class='ocrx_word' id='word_1_58' title='bbox 1241 740 1296 782; x_wconf 83' lang='lat' dir='ltr'><strong>al</strong></span> <span class='ocrx_word' id='word_1_59' title='bbox 1318 740 1463 798; x_wconf 79' lang='lat' dir='ltr'><strong>great</strong></span> <span class='ocrx_word' id='word_1_60' title='bbox 1488 734 1706 800; x_wconf 77' lang='lat' dir='ltr'><strong>dz‘gnz’ty.)</strong></span> 
     </span>
     <span class='ocr_line' id='line_1_10' title="bbox 308 817 1706 881; baseline -0.001 -13"><span class='ocrx_word' id='word_1_61' title='bbox 308 819 382 868; x_wconf 92' lang='lat' dir='ltr'><strong>O!</strong></span> <span class='ocrx_word' id='word_1_62' title='bbox 419 817 587 881; x_wconf 87' lang='lat' dir='ltr'><strong>regem</strong></span> <span class='ocrx_word' id='word_1_63' title='bbox 621 833 701 866; x_wconf 90' lang='lat' dir='ltr'><strong>me</strong></span> <span class='ocrx_word' id='word_1_64' title='bbox 738 833 846 866; x_wconf 89' lang='lat' dir='ltr'><strong>esse</strong></span> <span class='ocrx_word' id='word_1_65' title='bbox 882 818 1108 881; x_wconf 77' lang='lat' dir='ltr'><strong>opertuit.</strong></span> <span class='ocrx_word' id='word_1_66' title='bbox 1563 837 1613 866; x_wconf 88' lang='lat'><strong>20</strong></span> <span class='ocrx_word' id='word_1_67' title='bbox 1643 823 1706 866; x_wconf 87' lang='grc'><strong>70</strong></span> 
     </span>
    </p>

    <p class='ocr_par' dir='ltr' id='par_1_10' title="bbox 39 899 1320 951">
     <span class='ocr_line' id='line_1_11' title="bbox 39 899 1320 951; baseline -0.002 0"><span class='ocrx_word' id='word_1_68' title='bbox 39 907 145 951; x_wconf 71' lang='lat' dir='ltr'><strong>GE.</strong></span> <span class='ocrx_word' id='word_1_69' title='bbox 182 899 435 951; x_wconf 71' lang='lat' dir='ltr'><strong>Abeuntes</strong></span> <span class='ocrx_word' id='word_1_70' title='bbox 474 902 622 949; x_wconf 88' lang='lat' dir='ltr'><strong>ambo</strong></span> <span class='ocrx_word' id='word_1_71' title='bbox 658 900 736 949; x_wconf 92' lang='lat' dir='ltr'><strong>hic</strong></span> <span class='ocrx_word' id='word_1_72' title='bbox 772 899 878 948; x_wconf 74' lang='lat' dir='ltr'><strong>turn</strong></span> <span class='ocrx_word' id='word_1_73' title='bbox 915 917 1056 950; x_wconf 90' lang='lat' dir='ltr'><strong>senes</strong></span> <span class='ocrx_word' id='word_1_74' title='bbox 1092 917 1172 950; x_wconf 91' lang='lat' dir='ltr'><strong>me</strong></span> <span class='ocrx_word' id='word_1_75' title='bbox 1210 901 1320 948; x_wconf 91' lang='lat' dir='ltr'><strong>filiis</strong></span> 
     </span>
    </p>

    <p class='ocr_par' dir='ltr' id='par_1_11' title="bbox 37 982 1639 1048">
     <span class='ocr_line' id='line_1_12' title="bbox 37 982 1639 1048; baseline -0.001 -15"><span class='ocrx_word' id='word_1_76' title='bbox 37 983 338 1048; x_wconf 86' lang='lat' dir='ltr'><strong>Relinquont</strong></span> <span class='ocrx_word' id='word_1_77' title='bbox 374 984 512 1047; x_wconf 89' lang='lat' dir='ltr'><strong>quasi</strong></span> <span class='ocrx_word' id='word_1_78' title='bbox 546 984 847 1047; x_wconf 85' lang='lat' dir='ltr'><strong>magistrum.</strong></span> <span class='ocrx_word' id='word_1_79' title='bbox 917 991 1030 1032; x_wconf 89' lang='lat' dir='ltr'><strong>DA.</strong></span> <span class='ocrx_word' id='word_1_80' title='bbox 1071 983 1116 1033; x_wconf 94' lang='lat' dir='ltr'>O</span> <span class='ocrx_word' id='word_1_81' title='bbox 1143 982 1297 1032; x_wconf 83' lang='lat' dir='ltr'><strong>Geta!</strong></span> <span class='ocrx_word' id='word_1_82' title='bbox 1335 983 1639 1047; x_wconf 89' lang='lat' dir='ltr'><strong>provinciam</strong></span> 
     </span>
    </p>

    <p class='ocr_par' dir='ltr' id='par_1_12' title="bbox 37 1064 1365 1130">
     <span class='ocr_line' id='line_1_13' title="bbox 37 1064 1365 1130; baseline -0.001 -15"><span class='ocrx_word' id='word_1_83' title='bbox 37 1065 222 1130; x_wconf 78' lang='lat' dir='ltr'><strong>Cepisti</strong></span> <span class='ocrx_word' id='word_1_84' title='bbox 256 1067 441 1115; x_wconf 89' lang='lat' dir='ltr'><strong>duram.</strong></span> <span class='ocrx_word' id='word_1_85' title='bbox 514 1072 621 1114; x_wconf 81' lang='lat' dir='ltr'><strong>GE.</strong></span> <span class='ocrx_word' id='word_1_86' title='bbox 662 1065 737 1113; x_wconf 91' lang='lat' dir='ltr'><strong>Mi</strong></span> <span class='ocrx_word' id='word_1_87' title='bbox 771 1064 888 1115; x_wconf 76' lang='lat' dir='ltr'><strong>usus</strong></span> <span class='ocrx_word' id='word_1_88' title='bbox 923 1067 1066 1125; x_wconf 89' lang='lat' dir='ltr'><strong>venit,</strong></span> <span class='ocrx_word' id='word_1_89' title='bbox 1103 1066 1198 1114; x_wconf 75' lang='lat' dir='ltr'><strong>hec</strong></span> <span class='ocrx_word' id='word_1_90' title='bbox 1235 1066 1365 1115; x_wconf 87' lang='lat' dir='ltr'><strong>scio:</strong></span> 
     </span>
    </p>

    <p class='ocr_par' dir='ltr' id='par_1_13' title="bbox 37 1147 1053 1211">
     <span class='ocr_line' id='line_1_14' title="bbox 37 1147 1053 1211; baseline 0 -14"><span class='ocrx_word' id='word_1_91' title='bbox 37 1147 246 1197; x_wconf 88' lang='lat' dir='ltr'><strong>Memini</strong></span> <span class='ocrx_word' id='word_1_92' title='bbox 278 1148 484 1211; x_wconf 88' lang='lat' dir='ltr'><strong>relinqui</strong></span> <span class='ocrx_word' id='word_1_93' title='bbox 520 1147 600 1196; x_wconf 92' lang='lat' dir='ltr'><strong>me</strong></span> <span class='ocrx_word' id='word_1_94' title='bbox 638 1148 731 1197; x_wconf 90' lang='lat' dir='ltr'><strong>deo</strong></span> <span class='ocrx_word' id='word_1_95' title='bbox 766 1149 889 1197; x_wconf 79' lang='lat' dir='ltr'><strong>irato</strong></span> <span class='ocrx_word' id='word_1_96' title='bbox 925 1165 1053 1198; x_wconf 89' lang='lat' dir='ltr'><strong>meo.</strong></span> 
     </span>
    </p>

    <p class='ocr_par' dir='ltr' id='par_1_14' title="bbox 36 1230 1705 1295">
     <span class='ocr_line' id='line_1_15' title="bbox 36 1230 1705 1295; baseline 0 -15"><span class='ocrx_word' id='word_1_97' title='bbox 36 1231 191 1294; x_wconf 90' lang='lat' dir='ltr'><strong>Coepi</strong></span> <span class='ocrx_word' id='word_1_98' title='bbox 226 1230 470 1280; x_wconf 76' lang='lat' dir='ltr'><strong>advorsari</strong></span> <span class='ocrx_word' id='word_1_99' title='bbox 505 1231 692 1293; x_wconf 91' lang='lat' dir='ltr'><strong>primo:</strong></span> <span class='ocrx_word' id='word_1_100' title='bbox 730 1232 846 1295; x_wconf 93' lang='lat' dir='ltr'><strong>quid</strong></span> <span class='ocrx_word' id='word_1_101' title='bbox 882 1233 1040 1280; x_wconf 90' lang='lat' dir='ltr'><strong>verbis</strong></span> <span class='ocrx_word' id='word_1_102' title='bbox 1077 1233 1278 1295; x_wconf 84' lang='lat' dir='ltr'><strong>opu&#39;st?</strong></span> <span class='ocrx_word' id='word_1_103' title='bbox 1563 1252 1612 1292; x_wconf 89' lang='lat'><strong>²5</strong></span> <span class='ocrx_word' id='word_1_104' title='bbox 1643 1236 1705 1281; x_wconf 88' lang='grc'><strong>75</strong></span> 
     </span>
    </p>

    <p class='ocr_par' dir='ltr' id='par_1_15' title="bbox 38 1311 1707 1379">
     <span class='ocr_line' id='line_1_16' title="bbox 38 1311 1707 1379; baseline 0.001 -18"><span class='ocrx_word' id='word_1_105' title='bbox 38 1313 156 1362; x_wconf 88' lang='lat' dir='ltr'><strong>Seni</strong></span> <span class='ocrx_word' id='word_1_106' title='bbox 177 1313 328 1361; x_wconf 91' lang='lat' dir='ltr'><strong>fidelis</strong></span> <span class='ocrx_word' id='word_1_107' title='bbox 351 1311 469 1361; x_wconf 74' lang='lat' dir='ltr'><strong>dum</strong></span> <span class='ocrx_word' id='word_1_108' title='bbox 493 1328 614 1373; x_wconf 90' lang='lat' dir='ltr'><strong>sum,</strong></span> <span class='ocrx_word' id='word_1_109' title='bbox 635 1314 861 1377; x_wconf 86' lang='lat' dir='ltr'><strong>scapulas</strong></span> <span class='ocrx_word' id='word_1_110' title='bbox 879 1313 1078 1377; x_wconf 89' lang='lat' dir='ltr'><strong>perdidi.</strong></span> <span class='ocrx_word' id='word_1_111' title='bbox 1100 1313 1324 1379; x_wconf 79' lang='lat' dir='ltr'><em>(rubbz‘ng</em></span> <span class='ocrx_word' id='word_1_112' title='bbox 1341 1316 1415 1362; x_wconf 77' lang='lat' dir='ltr'><strong>his</strong></span> <span class='ocrx_word' id='word_1_113' title='bbox 1429 1313 1707 1379; x_wconf 77' lang='lat' dir='ltr'><strong>shoulders.)</strong></span> 
     </span>
    </p>

    <p class='ocr_par' dir='ltr' id='par_1_16' title="bbox 35 1395 1610 1460">
     <span class='ocr_line' id='line_1_17' title="bbox 35 1395 1610 1460; baseline 0 -16"><span class='ocrx_word' id='word_1_114' title='bbox 35 1402 147 1444; x_wconf 79' lang='lat' dir='ltr'><strong>DA.</strong></span> <span class='ocrx_word' id='word_1_115' title='bbox 186 1395 380 1444; x_wconf 89' lang='lat' dir='ltr'><strong>Venere</strong></span> <span class='ocrx_word' id='word_1_116' title='bbox 414 1395 464 1443; x_wconf 91' lang='lat' dir='ltr'><strong>in</strong></span> <span class='ocrx_word' id='word_1_117' title='bbox 498 1403 713 1443; x_wconf 86' lang='lat' dir='ltr'><strong>mentem</strong></span> <span class='ocrx_word' id='word_1_118' title='bbox 741 1397 809 1443; x_wconf 91' lang='lat' dir='ltr'><strong>mi</strong></span> <span class='ocrx_word' id='word_1_119' title='bbox 845 1397 1022 1445; x_wconf 84' lang='lat' dir='ltr'><strong>istaec:</strong></span> <span class='ocrx_word' id='word_1_120' title='bbox 1060 1413 1274 1460; x_wconf 90' lang='lat' dir='ltr'><strong>namque</strong></span> <span class='ocrx_word' id='word_1_121' title='bbox 1310 1397 1501 1445; x_wconf 85' lang='lat' dir='ltr'><strong>inscitia</strong></span> <span class='ocrx_word' id='word_1_122' title='bbox 1538 1406 1610 1445; x_wconf 90' lang='lat' dir='ltr'><strong>est</strong></span> 
     </span>
    </p>

    <p class='ocr_par' dir='ltr' id='par_1_17' title="bbox 34 1477 1495 1542">
     <span class='ocr_line' id='line_1_18' title="bbox 34 1477 1495 1542; baseline 0.001 -17"><span class='ocrx_word' id='word_1_123' title='bbox 34 1477 310 1526; x_wconf 81' lang='lat' dir='ltr'><strong>Advorsum</strong></span> <span class='ocrx_word' id='word_1_124' title='bbox 345 1477 591 1525; x_wconf 88' lang='lat' dir='ltr'><strong>stimulum</strong></span> <span class='ocrx_word' id='word_1_125' title='bbox 629 1477 813 1527; x_wconf 75' lang='lat' dir='ltr'><strong>calces!</strong></span> <span class='ocrx_word' id='word_1_126' title='bbox 886 1486 992 1528; x_wconf 79' lang='lat' dir='ltr'><strong>GE.</strong></span> <span class='ocrx_word' id='word_1_127' title='bbox 1033 1479 1188 1542; x_wconf 90' lang='lat' dir='ltr'><strong>Coepi</strong></span> <span class='ocrx_word' id='word_1_128' title='bbox 1224 1479 1293 1528; x_wconf 90' lang='lat' dir='ltr'><strong>eis</strong></span> <span class='ocrx_word' id='word_1_129' title='bbox 1329 1479 1495 1527; x_wconf 74' lang='lat' dir='ltr'><strong>emnia</strong></span> 
     </span>
    </p>

    <p class='ocr_par' dir='ltr' id='par_1_18' title="bbox 34 1558 1482 1624">
     <span class='ocr_line' id='line_1_19' title="bbox 34 1558 1482 1624; baseline 0 -16"><span class='ocrx_word' id='word_1_130' title='bbox 34 1558 228 1620; x_wconf 89' lang='lat' dir='ltr'><strong>Facere,</strong></span> <span class='ocrx_word' id='word_1_131' title='bbox 265 1559 468 1623; x_wconf 90' lang='lat' dir='ltr'><strong>6bsequi</strong></span> <span class='ocrx_word' id='word_1_132' title='bbox 504 1576 628 1624; x_wconf 90' lang='lat' dir='ltr'><strong>quae</strong></span> <span class='ocrx_word' id='word_1_133' title='bbox 664 1560 853 1609; x_wconf 87' lang='lat' dir='ltr'><strong>vellent.</strong></span> <span class='ocrx_word' id='word_1_134' title='bbox 924 1568 1036 1611; x_wconf 88' lang='lat' dir='ltr'><strong>DA.</strong></span> <span class='ocrx_word' id='word_1_135' title='bbox 1079 1561 1219 1610; x_wconf 90' lang='lat' dir='ltr'><strong>Scisti</strong></span> <span class='ocrx_word' id='word_1_136' title='bbox 1253 1562 1327 1609; x_wconf 92' lang='lat' dir='ltr'><strong>uti</strong></span> <span class='ocrx_word' id='word_1_137' title='bbox 1362 1561 1482 1610; x_wconf 89' lang='lat' dir='ltr'><strong>foro.</strong></span> 
     </span>
    </p>

    <p class='ocr_par' dir='ltr' id='par_1_19' title="bbox 34 1641 1704 1709">
     <span class='ocr_line' id='line_1_20' title="bbox 34 1641 1704 1709; baseline 0.001 -18"><span class='ocrx_word' id='word_1_138' title='bbox 34 1647 140 1691; x_wconf 73' lang='lat' dir='ltr'><strong>GE.</strong></span> <span class='ocrx_word' id='word_1_139' title='bbox 176 1641 357 1691; x_wconf 88' lang='lat' dir='ltr'><strong>Noster</strong></span> <span class='ocrx_word' id='word_1_140' title='bbox 379 1642 493 1690; x_wconf 87' lang='lat' dir='ltr'><strong>mali</strong></span> <span class='ocrx_word' id='word_1_141' title='bbox 517 1643 585 1689; x_wconf 91' lang='lat' dir='ltr'><strong>nil</strong></span> <span class='ocrx_word' id='word_1_142' title='bbox 609 1644 872 1707; x_wconf 87' lang='lat' dir='ltr'><strong>quicquam</strong></span> <span class='ocrx_word' id='word_1_143' title='bbox 900 1644 1088 1707; x_wconf 90' lang='lat' dir='ltr'><strong>primo:</strong></span> <span class='ocrx_word' id='word_1_144' title='bbox 1128 1643 1373 1709; x_wconf 70' lang='lat' dir='ltr'><strong>(pointing</strong></span> <span class='ocrx_word' id='word_1_145' title='bbox 1397 1650 1439 1692; x_wconf 83' lang='lat' dir='ltr'><strong>to</strong></span> <span class='ocrx_word' id='word_1_146' title='bbox 1470 1643 1704 1694; x_wconf 78' lang='lat' dir='ltr'><strong>Chremes’</strong></span> 
     </span>
    </p>

    <p class='ocr_par' dir='ltr' id='par_1_20' title="bbox 251 1722 1704 1789">
     <span class='ocr_line' id='line_1_21' title="bbox 251 1722 1704 1789; baseline 0.003 -18"><span class='ocrx_word' id='word_1_147' title='bbox 251 1735 262 1755; x_wconf 85' lang='lat'><strong><em>¹</em></strong></span> <span class='ocrx_word' id='word_1_148' title='bbox 302 1722 476 1789; x_wconf 77' lang='lat' dir='ltr'><strong>house.)</strong></span> <span class='ocrx_word' id='word_1_149' title='bbox 512 1724 589 1772; x_wconf 89' lang='lat' dir='ltr'><strong>hic</strong></span> <span class='ocrx_word' id='word_1_150' title='bbox 626 1724 864 1773; x_wconf 76' lang='lat' dir='ltr'><strong>Phaedria</strong></span> <span class='ocrx_word' id='word_1_151' title='bbox 1562 1747 1614 1786; x_wconf 89' lang='lat'><strong>30</strong></span> <span class='ocrx_word' id='word_1_152' title='bbox 1640 1732 1704 1776; x_wconf 90' lang='lat'><strong>80</strong></span> 
     </span>
    </p>

    <p class='ocr_par' dir='ltr' id='par_1_21' title="bbox 34 1804 1197 1872">
     <span class='ocr_line' id='line_1_22' title="bbox 34 1804 1197 1872; baseline 0 -16"><span class='ocrx_word' id='word_1_153' title='bbox 34 1804 282 1856; x_wconf 84' lang='lat' dir='ltr'><strong>Continuo</strong></span> <span class='ocrx_word' id='word_1_154' title='bbox 318 1804 573 1870; x_wconf 86' lang='lat' dir='ltr'><strong>quandam</strong></span> <span class='ocrx_word' id='word_1_155' title='bbox 603 1806 774 1856; x_wconf 72' lang='lat' dir='ltr'><strong>nactus</strong></span> <span class='ocrx_word' id='word_1_156' title='bbox 808 1815 881 1856; x_wconf 89' lang='lat' dir='ltr'><strong>est</strong></span> <span class='ocrx_word' id='word_1_157' title='bbox 915 1807 1197 1872; x_wconf 75' lang='lat' dir='ltr'><strong>puellulam,</strong></span> 
     </span>
    </p>

    <p class='ocr_par' dir='ltr' id='par_1_22' title="bbox 33 1886 1210 1955">
     <span class='ocr_line' id='line_1_23' title="bbox 33 1886 1210 1955; baseline 0.002 -19"><span class='ocrx_word' id='word_1_158' title='bbox 33 1886 408 1937; x_wconf 85' lang='lat' dir='ltr'><strong>Citharistriam:</strong></span> <span class='ocrx_word' id='word_1_159' title='bbox 447 1889 574 1938; x_wconf 89' lang='lat' dir='ltr'><strong>hanc</strong></span> <span class='ocrx_word' id='word_1_160' title='bbox 611 1890 775 1938; x_wconf 69' lang='lat' dir='ltr'><strong>amare</strong></span> <span class='ocrx_word' id='word_1_161' title='bbox 810 1891 974 1954; x_wconf 83' lang='lat' dir='ltr'><strong>coepit</strong></span> <span class='ocrx_word' id='word_1_162' title='bbox 1010 1890 1210 1955; x_wconf 89' lang='lat' dir='ltr'><strong>perdite.</strong></span> 
     </span>
    </p>

    <p class='ocr_par' dir='ltr' id='par_1_23' title="bbox 33 1968 994 2036">
     <span class='ocr_line' id='line_1_24' title="bbox 33 1968 994 2036; baseline 0 -16"><span class='ocrx_word' id='word_1_163' title='bbox 33 1968 108 2020; x_wconf 85' lang='lat' dir='ltr'><strong>Ea</strong></span> <span class='ocrx_word' id='word_1_164' title='bbox 139 1970 325 2020; x_wconf 79' lang='lat' dir='ltr'><strong>homini</strong></span> <span class='ocrx_word' id='word_1_165' title='bbox 361 1971 597 2020; x_wconf 89' lang='lat' dir='ltr'><strong>serviebat</strong></span> <span class='ocrx_word' id='word_1_166' title='bbox 632 1973 994 2036; x_wconf 88' lang='lat' dir='ltr'><strong>inpurissumo:</strong></span> 
     </span>
    </p>

    <p class='ocr_par' dir='ltr' id='par_1_24' title="bbox 33 2049 1485 2120">
     <span class='ocr_line' id='line_1_25' title="bbox 33 2049 1485 2120; baseline 0.003 -21"><span class='ocrx_word' id='word_1_167' title='bbox 33 2049 204 2116; x_wconf 90' lang='lat' dir='ltr'><strong>Neque</strong></span> <span class='ocrx_word' id='word_1_168' title='bbox 239 2053 371 2118; x_wconf 80' lang='lat' dir='ltr'><strong>quod</strong></span> <span class='ocrx_word' id='word_1_169' title='bbox 407 2053 599 2102; x_wconf 89' lang='lat' dir='ltr'><strong>daretur</strong></span> <span class='ocrx_word' id='word_1_170' title='bbox 636 2056 932 2119; x_wconf 88' lang='lat' dir='ltr'><strong>quicquam:</strong></span> <span class='ocrx_word' id='word_1_171' title='bbox 970 2056 1019 2104; x_wconf 95' lang='lat' dir='ltr'><strong>id</strong></span> <span class='ocrx_word' id='word_1_172' title='bbox 1053 2055 1276 2105; x_wconf 70' lang='lat' dir='ltr'><strong>curarant</strong></span> <span class='ocrx_word' id='word_1_173' title='bbox 1311 2065 1485 2120; x_wconf 90' lang='lat' dir='ltr'><strong>patres.</strong></span> 
     </span>
    </p>

    <p class='ocr_par' dir='ltr' id='par_1_25' title="bbox 8 2131 1705 2287">
     <span class='ocr_line' id='line_1_26' title="bbox 8 2131 1705 2206; baseline 0.002 -23"><span class='ocrx_word' id='word_1_174' title='bbox 8 2131 265 2206; x_wconf 18' lang='lat' dir='ltr'><strong>¹..Restabat</strong></span> <span class='ocrx_word' id='word_1_175' title='bbox 313 2135 447 2184; x_wconf 89' lang='lat' dir='ltr'><strong>aliud</strong></span> <span class='ocrx_word' id='word_1_176' title='bbox 498 2136 567 2183; x_wconf 93' lang='lat' dir='ltr'><strong>nss</strong></span> <span class='ocrx_word' id='word_1_177' title='bbox 619 2137 712 2185; x_wconf 89' lang='lat' dir='ltr'><strong>nisi</strong></span> <span class='ocrx_word' id='word_1_178' title='bbox 757 2138 926 2186; x_wconf 93' lang='lat' dir='ltr'><strong>oculos</strong></span> <span class='ocrx_word' id='word_1_179' title='bbox 972 2137 1187 2202; x_wconf 71' lang='lat' dir='ltr'><strong>pascere,</strong></span> <span class='ocrx_word' id='word_1_180' title='bbox 1231 2138 1586 2204; x_wconf 77' lang='lat' dir='ltr'><strong>(carz&#39;caturz&#39;ng</strong></span> <span class='ocrx_word' id='word_1_181' title='bbox 1631 2138 1705 2186; x_wconf 79' lang='lat' dir='ltr'><strong>the</strong></span> 
     </span>
     <span class='ocr_line' id='line_1_27' title="bbox 303 2220 1703 2287; baseline 0.004 -21"><span class='ocrx_word' id='word_1_182' title='bbox 303 2220 516 2267; x_wconf 83' lang='lat' dir='ltr'><strong>atlz&#39;tudes</strong></span> <span class='ocrx_word' id='word_1_183' title='bbox 538 2221 640 2268; x_wconf 85' lang='lat' dir='ltr'><strong>and</strong></span> <span class='ocrx_word' id='word_1_184' title='bbox 656 2227 920 2269; x_wconf 77' lang='lat' dir='ltr'><strong>movemenls</strong></span> <span class='ocrx_word' id='word_1_185' title='bbox 943 2224 1089 2287; x_wconf 80' lang='lat' dir='ltr'><strong>ofthe</strong></span> <span class='ocrx_word' id='word_1_186' title='bbox 1112 2223 1329 2271; x_wconf 85' lang='lat' dir='ltr'><strong>love-sz&#39;ck</strong></span> <span class='ocrx_word' id='word_1_187' title='bbox 1335 2221 1529 2287; x_wconf 78' lang='lat' dir='ltr'><strong>youth.)</strong></span> <span class='ocrx_word' id='word_1_188' title='bbox 1559 2243 1608 2283; x_wconf 80' lang='lat'><strong>35</strong></span> <span class='ocrx_word' id='word_1_189' title='bbox 1639 2227 1703 2272; x_wconf 89' lang='lat'><strong>85</strong></span> 
     </span>
    </p>

    <p class='ocr_par' dir='ltr' id='par_1_26' title="bbox 15 2288 1132 2364">
     <span class='ocr_line' id='line_1_28' title="bbox 15 2288 1132 2364; baseline 0.004 -16"><span class='ocrx_word' id='word_1_190' title='bbox 15 2297 228 2364; x_wconf 69' lang='lat' dir='ltr'><strong>sectari,</strong></span> <span class='ocrx_word' id='word_1_191' title='bbox 263 2301 315 2348; x_wconf 94' lang='lat' dir='ltr'><strong>in</strong></span> <span class='ocrx_word' id='word_1_192' title='bbox 349 2302 519 2351; x_wconf 92' lang='lat' dir='ltr'><strong>ludum</strong></span> <span class='ocrx_word' id='word_1_193' title='bbox 556 2300 731 2351; x_wconf 74' lang='lat' dir='ltr'><strong>ducere</strong></span> <span class='ocrx_word' id='word_1_194' title='bbox 768 2311 816 2352; x_wconf 91' lang='lat' dir='ltr'><strong>et</strong></span> <span class='ocrx_word' id='word_1_195' title='bbox 851 2288 1132 2353; x_wconf 72' lang='lat' dir='ltr'><strong>redducere.</strong></span> 
     </span>
    </p>

    <p class='ocr_par' dir='ltr' id='par_1_27' title="bbox 0 2378 1144 2449">
     <span class='ocr_line' id='line_1_29' title="bbox 0 2378 1144 2449; baseline 0.005 -21"><span class='ocrx_word' id='word_1_196' title='bbox 0 2423 8 2428; x_wconf 72' lang='grc'>,</span> <span class='ocrx_word' id='word_1_197' title='bbox 30 2378 140 2449; x_wconf 69' lang='lat' dir='ltr'><strong>¹Nos</strong></span> <span class='ocrx_word' id='word_1_198' title='bbox 174 2381 318 2431; x_wconf 74' lang='lat' dir='ltr'><strong>etiosi</strong></span> <span class='ocrx_word' id='word_1_199' title='bbox 352 2384 555 2447; x_wconf 76' lang='lat' dir='ltr'><strong>operam</strong></span> <span class='ocrx_word' id='word_1_200' title='bbox 591 2385 828 2434; x_wconf 86' lang='lat' dir='ltr'><strong>dabamus</strong></span> <span class='ocrx_word' id='word_1_201' title='bbox 863 2385 1144 2434; x_wconf 76' lang='lat' dir='ltr'><strong>Phaedriae.</strong></span> 
     </span>
    </p>

    <p class='ocr_par' dir='ltr' id='par_1_28' title="bbox 0 2460 1301 2527">
     <span class='ocr_line' id='line_1_30' title="bbox 0 2460 1301 2527; baseline 0.005 -16"><span class='ocrx_word' id='word_1_202' title='bbox 0 2460 95 2512; x_wconf 69' lang='lat' dir='ltr'><strong>&#39;&#39;Ih</strong></span> <span class='ocrx_word' id='word_1_203' title='bbox 127 2478 225 2527; x_wconf 91' lang='lat' dir='ltr'><strong>quo</strong></span> <span class='ocrx_word' id='word_1_204' title='bbox 259 2464 378 2514; x_wconf 88' lang='lat' dir='ltr'><strong>haec</strong></span> <span class='ocrx_word' id='word_1_205' title='bbox 414 2466 628 2518; x_wconf 86' lang='lat' dir='ltr'><strong>discebat</strong></span> <span class='ocrx_word' id='word_1_206' title='bbox 662 2466 793 2526; x_wconf 76' lang='grc' dir='ltr'>Ιύᾶο,</span> <span class='ocrx_word' id='word_1_207' title='bbox 831 2468 1152 2517; x_wconf 87' lang='lat' dir='ltr'><strong>exadvorsum</strong></span> <span class='ocrx_word' id='word_1_208' title='bbox 1188 2468 1301 2517; x_wconf 85' lang='lat' dir='ltr'><strong>ilico</strong></span> 
     </span>
    </p>

    <p class='ocr_par' dir='ltr' id='par_1_29' title="bbox 3 2540 1286 2614">
     <span class='ocr_line' id='line_1_31' title="bbox 3 2540 1286 2614; baseline 0.005 -21"><span class='ocrx_word' id='word_1_209' title='bbox 3 2540 301 2614; x_wconf 58' lang='lat' dir='ltr'><strong>ssssJTonstrina</strong></span> <span class='ocrx_word' id='word_1_210' title='bbox 336 2556 438 2596; x_wconf 91' lang='lat' dir='ltr'><strong>erat</strong></span> <span class='ocrx_word' id='word_1_211' title='bbox 472 2549 727 2613; x_wconf 89' lang='lat' dir='ltr'><strong>quaedam,</strong></span> <span class='ocrx_word' id='word_1_212' title='bbox 763 2550 842 2598; x_wconf 91' lang='lat' dir='ltr'><strong>hic</strong></span> <span class='ocrx_word' id='word_1_213' title='bbox 879 2549 1153 2599; x_wconf 74' lang='lat' dir='ltr'><strong>solebamus</strong></span> <span class='ocrx_word' id='word_1_214' title='bbox 1190 2551 1286 2599; x_wconf 85' lang='lat' dir='ltr'><strong>fere</strong></span> 
     </span>
    </p>

    <p class='ocr_par' dir='ltr' id='par_1_30' title="bbox 0 2616 1702 2700">
     <span class='ocr_line' id='line_1_32' title="bbox 0 2616 1702 2700; baseline 0.002 -23"><span class='ocrx_word' id='word_1_215' title='bbox 0 2616 322 2700; x_wconf 35' lang='lat' dir='ltr'><strong>{Plerumque</strong></span> <span class='ocrx_word' id='word_1_216' title='bbox 357 2645 467 2678; x_wconf 85' lang='lat' dir='ltr'><strong>eam</strong></span> <span class='ocrx_word' id='word_1_217' title='bbox 501 2633 726 2695; x_wconf 85' lang='lat' dir='ltr'><strong>opperiri,</strong></span> <span class='ocrx_word' id='word_1_218' title='bbox 765 2633 883 2680; x_wconf 91' lang='lat' dir='ltr'><strong>dum</strong></span> <span class='ocrx_word' id='word_1_219' title='bbox 919 2633 1031 2680; x_wconf 92' lang='lat' dir='ltr'><strong>inde</strong></span> <span class='ocrx_word' id='word_1_220' title='bbox 1066 2633 1155 2681; x_wconf 90' lang='lat' dir='ltr'><strong>iret</strong></span> <span class='ocrx_word' id='word_1_221' title='bbox 1189 2634 1403 2681; x_wconf 89' lang='lat' dir='ltr'><strong>domum.</strong></span> <span class='ocrx_word' id='word_1_222' title='bbox 1557 2652 1612 2694; x_wconf 89' lang='lat'><strong>40</strong></span> <span class='ocrx_word' id='word_1_223' title='bbox 1638 2637 1702 2682; x_wconf 88' lang='lat'><strong>90</strong></span> 
     </span>
    </p>

    <p class='ocr_par' dir='ltr' id='par_1_31' title="bbox 0 2698 1043 2777">
     <span class='ocr_line' id='line_1_33' title="bbox 34 2698 1043 2774; baseline 0.008 -18.739"><span class='ocrx_word' id='word_1_224' title='bbox 0 2698 223 2768; x_wconf 62' lang='grc' dir='ltr'><strong>’ῇῙέιῐέτεει</strong></span> <span class='ocrx_word' id='word_1_225' title='bbox 258 2711 376 2760; x_wconf 89' lang='lat' dir='ltr'><strong>dum</strong></span> <span class='ocrx_word' id='word_1_226' title='bbox 411 2712 638 2762; x_wconf 86' lang='lat' dir='ltr'><strong>sedemus</strong></span> <span class='ocrx_word' id='word_1_227' title='bbox 673 2715 753 2774; x_wconf 88' lang='lat' dir='ltr'><strong>illi,</strong></span> <span class='ocrx_word' id='word_1_228' title='bbox 790 2714 1043 2763; x_wconf 90' lang='lat' dir='ltr'><strong>intervenit</strong></span> 
     </span>
    </p>

    <p class='ocr_par' dir='ltr' id='par_1_32' title="bbox 0 2783 1289 2862">
     <span class='ocr_line' id='line_1_34' title="bbox 0 2783 1289 2862; baseline 0.005 -27"><span class='ocrx_word' id='word_1_229' title='bbox 0 2783 332 2862; x_wconf 36' lang='lat' dir='ltr'><strong>&#39;fl-Adulescens</strong></span> <span class='ocrx_word' id='word_1_230' title='bbox 366 2793 562 2856; x_wconf 90' lang='lat' dir='ltr'><strong>quidam</strong></span> <span class='ocrx_word' id='word_1_231' title='bbox 593 2793 901 2844; x_wconf 73' lang='lat' dir='ltr'><strong>lacrumans:</strong></span> <span class='ocrx_word' id='word_1_232' title='bbox 939 2811 1031 2844; x_wconf 91' lang='lat' dir='ltr'><strong>nos</strong></span> <span class='ocrx_word' id='word_1_233' title='bbox 1062 2793 1289 2844; x_wconf 72' lang='lat' dir='ltr'><strong>mirarier.</strong></span> 
     </span>
    </p>
   </div>
  </div>
 </body>
</html>
