1884 3042
136 92 204 141 60
797 102 1132 149 PHORMJO.
1440 106 1502 147 11.
1522 107 1547 147 2
1569 105 1650 161 [3].
1673 115 1806 160 1-17.:

818 320 910 369 SC.
949 325 976 369 2
1018 317 1111 387 [3].

178 448 509 492 DEMIPHO
547 442 688 507 (cum
722 443 1044 510 Advocatis).
1119 451 1320 494 GE'I'A.
1392 452 1740 498 PHORMIO.

132 550 381 614 (Demioho
421 559 582 612 enters,
611 555 846 618 followed
887 556 943 617 by
989 556 1063 602 his
1110 557 1233 603 three
1267 557 1481 617 friends,
1528 558 1633 605 who
1677 559 1795 606 with

200 637 489 681 ostentatious
508 637 754 696 politeness
778 640 959 683 remaz‘n
995 643 1048 684 at
1079 655 1109 684 a
1140 638 1273 684 short
1294 639 1495 685 distance
1499 639 1642 701 from
1677 640 1790 700 him,

200 717 301 762 and
318 718 467 777 busily
480 718 580 764 take
602 723 723 765 notes
741 720 918 780 during
941 721 1012 766 the
1029 722 1226 781 ensuing
1244 721 1495 768 interview.
1565 721 1794 770 Phormio

198 798 298 844 and
320 797 436 845 Geta
460 816 541 845 are
563 805 615 846 at
634 801 705 847 the
710 803 860 863 front
879 801 940 863 of
951 802 1023 847 the
1045 806 1186 862 stage,
1213 817 1269 848 on
1294 818 1374 848 one
1395 803 1504 861 sede,
1534 804 1651 850 with
1674 805 1796 851 their

199 880 335 927 backs
358 882 536 941 turned,
553 884 833 944 pretending
855 889 933 930 not
955 888 997 929 to
1021 886 1164 930 notice
1188 883 1261 929 the
1283 899 1385 930 new
1411 882 1618 949 comers.)

131 988 238 1029 DE.
275 980 339 1047 (to
362 983 437 1030 his
440 983 677 1048 friends.)
701 984 780 1031 En
803 983 1037 1048 umquam
1063 986 1328 1048 quoiquam
1353 985 1749 1035 c6ntumeli6sius

130 1065 348 1112 Audistis
383 1065 562 1113 factam
597 1065 820 1114 iniuriam
856 1082 1005 1129 quam
1041 1067 1160 1115 haec
1195 1067 1268 1114 est
1302 1067 1451 1114 mihi?

129 1146 310 1195 Adeste
347 1162 545 1210 quaeso.
608 1154 714 1196 GE.
751 1146 914 1213 (apert
950 1154 992 1195 to
1037 1146 1303 1212 Phormio.)
1338 1149 1498 1198 Iratus
1533 1158 1619 1199 est.
1680 1157 1794 1199 PH.

402 1228 598 1294 (apert.)
635 1230 770 1289 Quin
807 1239 858 1278 tu
894 1230 987 1278 h6c
1023 1247 1130 1293 age.
1694 1237 1792 1281 350

130 1311 236 1358 Iam
273 1327 367 1373 ego
403 1310 533 1360 hune
570 1313 780 1375 agitabo.
853 1310 1093 1377 (speaking
1117 1315 1166 1359 in
1204 1330 1235 1359 a
1267 1314 1380 1360 lond
1409 1315 1510 1361 and
1541 1316 1795 1377 indignant

400 1401 498 1442 tone
524 1411 574 1442 so
605 1412 659 1442 as
686 1401 730 1442 to
759 1396 809 1443 be
833 1396 1089 1442 overheard
1112 1396 1167 1457 by
1190 1394 1455 1460 Demzjolzo.)
1525 1396 1619 1444 Pr6
1647 1397 1793 1445 deum

402 1476 729 1525 inmortfssium
749 1480 758 1524 1

129 1557 290 1620 Neget
326 1558 563 1606 Phainium
599 1574 705 1607 esse
739 1559 865 1606 hane
902 1560 991 1607 sibi
1027 1566 1291 1621 cognatam
1324 1558 1607 1622 Demipho?
1767 1580 1790 1620 5

128 1639 274 1688 Hanc
310 1639 556 1703 Demipho
593 1649 737 1703 negat
773 1641 879 1688 esse
914 1640 1208 1703 cognatam?
1286 1648 1392 1689 GE.
1430 1641 1605 1703 Negat.

126 1728 233 1771 DE.
273 1720 343 1786 (in
374 1739 437 1769 an
469 1724 714 1770 undertone
737 1729 782 1769 to
810 1724 884 1770 his
901 1721 1136 1787 frzends.)
1173 1723 1340 1785 Ipsum
1376 1722 1483 1770 esse
1518 1723 1694 1785 opinor
1729 1722 1789 1771 de

399 1817 499 1863 quo
557 1802 778 1864 agebam.
840 1801 1111 1863 sequimini.
1171 1800 1294 1866 (they
1351 1803 1607 1864 cautiously
1665 1817 1792 1849 move

400 1885 651 1930 somewhat
681 1881 880 1948 nearer.)

128 1970 241 2012 PH.
278 1963 451 2028 Neque
468 1967 571 2013 esus
586 1974 774 2027 patrem
788 1980 838 2013 se
855 1966 976 2012 scire
994 1965 1076 2027 qui
1095 1964 1270 2012 fuerit?
1330 1971 1436 2012 GE.
1474 1964 1649 2028 Negat.
1689 1970 1787 2014 355
1877 1994 1884 2000 ἡ

127 2053 241 2094 ΡΗ.
278 2046 409 2106 Quia
444 2046 593 2109 egens
628 2048 792 2096 relicta
827 2057 901 2095 est
935 2049 1126 2107 misera,
1163 2046 1413 2109 ignoratur
1446 2063 1636 2110 parens,
1739 2067 1790 2095 10

128 2127 417 2191 Neglegitur
452 2130 586 2192 ipsa:
634 2129 742 2177 vide
779 2130 975 2176 avaritia
1011 2130 1129 2192 quid
1163 2130 1302 2177 facit!

128 2217 234 2258 GE.
274 2209 409 2275 (with
443 2211 633 2274 affected
656 2209 984 2275 mdzgrnatzon.)
1058 2210 1107 2258 Si
1143 2226 1281 2259 erum
1316 2211 1616 2259 insimulabis
1651 2209 1787 2258 mali-

398 2294 507 2352 tiae,
546 2293 670 2342 male
706 2292 885 2342 audies.

125 2381 235 2421 DE.
272 2372 468 2440 (apart.)
507 2374 553 2423 O
590 2375 868 2424 audaciam!
916 2376 1062 2423 etiam
1108 2390 1187 2422 me
1228 2372 1354 2423 ultro
1389 2382 1668 2423 accusatum
1702 2373 1787 2422 {td-

396 2459 538 2506 venit.
1689 2460 1788 2505 360

125 2545 238 2586 PH.
276 2538 407 2586 Nam
443 2540 540 2587 iam
577 2537 874 2587 adulescenti
911 2539 978 2585 m'l
1015 2546 1086 2586 est
1121 2538 1254 2601 quod
1290 2537 1616 2597 suscenseam,

129 2619 178 2666 Si
214 2619 347 2667 illum
384 2620 543 2667 minus
579 2629 748 2668 norat:
798 2621 978 2684 quippe
1013 2620 1164 2667 homo
1199 2621 1298 2667 iam
1332 2619 1575 2683 grandior,
1737 2639 1784 2679 ¹5

129 2703 331 2766 Pauper,
369 2705 484 2767 quoi
520 2704 571 2751 in
607 2719 754 2766 opere
789 2705 887 2751 vita
923 2712 1037 2763 erat,
1077 2704 1176 2750 ruri
1209 2703 1307 2751 fere

129 2785 190 2834 Se
226 2786 535 2835 c6ntinebat:
585 2787 652 2834 sbi
688 2802 859 2850 agrum
897 2787 956 2834 de
992 2785 1161 2834 nostr6
1196 2793 1335 2848 patre
