1942 3112
178 160 246 228 98
839 166 1179 215 PHORMJO.
1473 173 1528 216 v.
1544 175 1568 214 1
1586 172 1667 228 [8].
1685 181 1831 228 75-93·

177 311 290 354 PH.
328 303 528 372 (having
574 306 831 354 overheard
871 306 944 354 the
977 308 1233 370 preceding
1284 305 1632 374 conversation.)
1697 309 1835 357 Itane

447 387 588 450 agitis
622 389 857 436 mecum?
905 386 1021 436 satis
1056 397 1209 437 astute
1244 387 1578 452 adgredimini.
1787 406 1835 450 75

175 467 292 517 Non
328 468 488 518 hercle
521 485 583 518 ex
618 485 670 518 re
705 470 841 518 istius
877 484 956 517 me
993 470 1243 533 instigasti,
1279 470 1541 534 Demipho.

174 551 271 598 Ain
307 553 393 599 tu?
430 549 512 599 tibi
547 567 674 615 quae
709 552 916 600 lubitum
950 550 1087 600 fuerit
1121 568 1322 616 peregre
1358 552 1537 614 seceriS,
1735 557 1833 601 970

174 632 349 696 Neque
386 634 529 682 huius
565 634 630 682 sis
664 635 841 683 veritus
875 633 1084 682 feminae
1120 634 1389 698 primariae,

175 715 309 774 Quin
344 717 473 765 n6v6
509 717 661 765 modo
698 721 748 764 ei·
783 716 964 765 faceres
1000 716 1359 776 contumeliam,

172 796 356 847 Venias
391 814 520 847 nunc
555 799 782 861 precibus
817 797 1001 847 lautum
1036 796 1293 861 peccatum
1324 799 1501 846 tuom?
1781 807 1833 845 80

173 879 325 929 Hisce
362 881 455 943 ego
490 880 623 928 illam
659 881 798 928 dictis
834 882 901 928 sta
936 880 1022 929 tibi
1056 879 1305 928 incensam
1340 880 1483 940 dabo,
1832 931 1839 941 ν

171 961 239 1010 Vt
274 963 336 1011 ne
371 963 654 1026 restinguas,
690 961 914 1010 lacrumis
950 963 989 1010 si
1023 961 1322 1010 extillaveris.
1732 965 1830 1010 975

170 1049 279 1092 DE.
317 1044 573 1109 (stamping
606 1045 722 1092 with
755 1042 906 1110 rage.)
956 1043 1176 1092 Malum!
1236 1044 1369 1107 quod
1405 1043 1482 1092 isti
1528 1043 1579 1091 df
1615 1043 1830 1106 deaeque

441 1126 616 1176 omnes
651 1126 800 1175 duint.

171 1208 398 1257 Tantane
433 1209 677 1257 adfectum
712 1207 1011 1272 quemquam
1047 1223 1154 1257 esse
1189 1207 1442 1256 hominem
1477 1206 1706 1256 audacia!

170 1290 287 1338 Non
323 1291 416 1340 h6c
451 1291 709 1355 publicitus
746 1290 901 1338 scelus
936 1290 1049 1338 hinc
1085 1288 1375 1353 asportarier
1775 1299 1826 1350 85

169 1373 229 1419 In
265 1372 393 1421 s6las
415 1381 566 1421 terras
587 1376 597 1422 1
648 1379 759 1421 CH.
789 1370 1143 1438 (tremulousljz.)
1178 1357 1239 1419 fn
1264 1371 1317 1420 id
1340 1371 1561 1420 redactus
1586 1369 1696 1420 slim
1717 1371 1827 1431 loci,

168 1454 236 1502 Vt
260 1456 378 1519 quid
402 1471 547 1518 agam
576 1471 690 1504 cum
719 1455 801 1503 illo
833 1454 1050 1502 nesciam
1081 1469 1318 1517 prorsum.
1375 1460 1483 1501 DE.
1520 1450 1827 1519 (vehemently‚

439 1540 602 1601 trying
625 1544 668 1586 to
692 1539 806 1586 seize
827 1538 940 1585 hold
958 1538 1019 1600 of
1028 1533 1295 1600 Phormio.)
1330 1522 1442 1598 Ego
1479 1535 1607 1584 scio:
1730 1540 1828 1585 980

167 1619 226 1666 In
261 1618 335 1668 ilis
370 1635 551 1668 eamus.
621 1626 734 1668 PH.
783 1605 845 1666 fn
891 1620 1002 1667 ius?
1050 1617 1258 1683 (movzng
1291 1618 1498 1665 towards
1530 1617 1605 1665 the
1637 1617 1747 1666 door
1780 1619 1843 1683 of

442 1698 672 1750 Chremes'
697 1698 867 1765 house.)
903 1700 1011 1758 huc,
1049 1701 1088 1747 si
1123 1699 1243 1762 quid
1276 1699 1421 1747 lubet.

165 1788 274 1833 DE.
311 1782 576 1849 (hastening
609 1783 814 1831 towards
850 1783 928 1830 his
965 1798 1068 1829 own
1108 1778 1280 1846 house.)
1321 1779 1621 1844 Adsequere,
1657 1781 1825 1841 retine,

436 1858 554 1913 dfim
589 1881 685 1927 ego
719 1865 813 1912 huc
850 1879 1013 1913 servos
1047 1862 1214 1911 evoco.

167 1954 277 1997 CH.
316 1946 387 2012 (in
413 1953 559 2011 great
570 1948 709 2012 sear,
744 1951 824 1994 not
866 1947 1116 2008 venturing
1150 1952 1194 1992 to
1228 1945 1360 1992 touch
1392 1943 1624 1992 Phormio
1656 1943 1825 2011 alone.)

434 2030 585 2077 Enim
631 2028 824 2093 nequeo
874 2028 1037 2076 solus:
1100 2026 1311 2075 adcurre.
1383 2023 1633 2090 (Demipho
1688 2029 1826 2075 seizes

434 2112 548 2159 hold
564 2112 626 2175 of
632 2111 861 2160 Phormio
883 2111 984 2158 and
1008 2111 1120 2157 tries
1149 2114 1193 2156 to
1224 2109 1349 2170 drag
1377 2108 1475 2156 him
1503 2105 1652 2174 back.)
1708 2115 1823 2158 PH.

435 2190 762 2259 (strugglz'ng.)
797 2192 911 2240 Vna
945 2189 1117 2240 iniuria
1151 2198 1224 2238 est
1770 2209 1826 2252 90

163 2274 366 2326 Tecum.
439 2282 550 2324 CH.
598 2274 799 2342 (seizing
841 2274 1073 2322 Phormio
1119 2273 1176 2334 by
1214 2272 1292 2320 his
1326 2271 1453 2319 other
1497 2269 1639 2337 arm.)
1691 2271 1825 2336 Lege

435 2358 566 2421 agito
599 2373 733 2421 ergo.
803 2362 915 2405 PH.
954 2344 1121 2404 Altera
1155 2362 1228 2402 est
1263 2351 1439 2412 tectim,
1477 2352 1702 2403 Chreme.

163 2440 229 2507 (A
258 2442 427 2489 violent
449 2441 660 2503 struggle
693 2455 850 2487 ensues
867 2456 891 2496 ,·
929 2438 1001 2486 the
1030 2443 1121 2485 two
1152 2437 1231 2484 old
1257 2452 1356 2483 men
1386 2441 1467 2484 not
1497 2435 1630 2498 being
1660 2441 1825 2499 strong

231 2523 408 2585 enough
440 2527 484 2570 to
513 2522 638 2584 drag
667 2521 895 2568 Phormio
923 2534 1075 2581 away,
1100 2519 1201 2566 and
1229 2517 1458 2565 Phormio
1491 2516 1627 2580 being
1658 2517 1824 2566 unable

230 2611 272 2652 to
287 2607 410 2667 gain
434 2603 506 2651 the
527 2604 641 2651 door
663 2602 726 2665 of
740 2600 970 2651 Chremes’
994 2597 1167 2665 house.)

161 2693 270 2734 DE.
297 2686 435 2749 Rape
449 2683 590 2733 hunc.
625 2691 739 2733 PH.
767 2683 845 2732 Sic
861 2683 1035 2746 agitis?
1061 2681 1308 2731 enimvero
1321 2679 1440 2730 voce
1453 2687 1525 2729 est
1541 2694 1693 2744 opus:
1723 2684 1821 2731 985

163 2766 436 2833 (shouting.)
471 2766 803 2815 Nausistrata!
842 2765 935 2814 exi.
1007 2769 1116 2813 GH.
1153 2763 1226 2813 Os
1261 2763 1496 2827 6pprime.
1552 2757 1664 2810 DE.
1701 2759 1822 2827 (try-

432 2851 517 2911 ing
547 2849 596 2896 in
619 2849 732 2896 vain
755 2853 798 2895 to
824 2852 914 2911 put
940 2847 1016 2896 his
1038 2845 1173 2895 hand
1198 2860 1306 2894 over
1332 2843 1603 2894 Phormio's
1629 2840 1822 2908 mouth.)

434 2927 669 2996 Inpurl'nn
703 2929 826 2990 vide,
