1884 3042
173 78 241 129 62
829 82 1169 128 PHORMJO.
1450 85 1510 128 11.
1529 85 1554 126 2
1577 83 1658 139 [3].
1680 84 1826 137 38-56-

171 219 262 266 Dic
300 219 493 266 nemen.
596 224 708 266 PH.
768 218 1000 266 Nomen?
1070 217 1312 267 maxume.
1415 215 1664 283 (Phormio
1707 225 1828 282 stops

442 300 657 362 abruplly
682 301 781 347 and
798 306 934 348 turns
951 300 1125 366 away.)
1171 291 1278 348 DE.
1308 297 1664 367 §suspz‘cz'ouslyQ
1695 299 1828 359 Quid

441 380 571 430 nunc
607 384 770 430 taces?
1728 385 1824 430 385

170 471 282 514 PH.
320 463 480 529 (asz'de,
517 464 651 511 muclz
684 463 950 528 dzlvlurbed.)
1020 464 1143 512 Perii
1179 463 1363 512 hercle!
1411 479 1594 512 nomen
1626 462 1825 526 perdidi.

438 552 547 594 DE.
598 546 758 594 Hem!
811 547 929 609 quid
974 534 1083 595 ai's?
1153 553 1266 594 PH.
1301 545 1472 612 (apart,
1521 548 1572 594 in
1618 563 1649 592 a
1695 547 1828 608 bossy

439 626 676 692 wlzz'sper.)
726 628 866 687 Geta,

172 712 221 758 Si
257 710 519 759 meministi
544 710 602 757 ‘id
637 711 773 772 quod
807 711 923 758 olim
961 710 1141 758 dictum
1176 719 1262 768 est,
1301 708 1478 778 stibice.
1536 707 1756 774 (turning
1785 715 1828 756 to

439 792 666 855 Demipho
689 794 805 840 zoz'llz
819 798 962 854 great
982 790 1259 857 effrontem.)
1284 791 1397 840 hem
1418 794 1427 839 1
1772 810 1826 851 40

171 875 287 923 Non
323 875 468 922 dico:
518 875 655 937 quasi
692 890 793 922 non
829 875 975 933 noris,
1013 883 1298 936 temptatum
1335 873 1544 921 advenis.

169 964 277 1004 DE.
314 954 667 1020 (zbzdzlgnanlljz.)
725 938 900 1018 Egone
959 954 1120 1004 alitem
1180 957 1398 1019 tempto?
1468 1002 1472 1006 Α
1501 962 1608 1003 GE.
1667 952 1739 1019 (in
1796 971 1826 1002 a

439 1036 676 1103 zohz’sper.)
723 1038 923 1100 Stilpho.
994 1044 1106 1086 PH.
1142 1037 1304 1100 Atque
1340 1037 1463 1085 adeo
1498 1036 1618 1102 quid
1650 1038 1793 1084 mea?

171 1121 355 1183 Stilpho
391 1130 476 1169 est.
535 1128 644 1168 DE.
682 1120 846 1179 Quem
883 1121 1032 1176 dixti?
1101 1126 1214 1170 PH.
1253 1117 1491 1183 (shoutz‘ng
1521 1120 1592 1166 the
1622 1134 1754 1165 name
1777 1120 1827 1165 in

439 1203 682 1265 Demz'pho'
684 1221 708 1250 s
703 1202 859 1267 sace)
882 1202 1215 1265 Stilphonem
1204 1217 1435 1263 mquam:
1468 1196 1706 1248 noveras?
1730 1204 1832 1248 390

168 1292 276 1333 DE.
315 1284 487 1349 Neque
525 1286 619 1348 ego
655 1286 789 1333 illum
824 1301 998 1333 noram
1034 1283 1193 1347 neque
1228 1283 1296 1330 mi
1333 1280 1572 1346 cognatus
1605 1279 1694 1333 fuit

169 1367 444 1431 Quisquam
470 1370 589 1416 J'stoc
615 1370 851 1422 nomine.
889 1374 1002 1415 PH.
1042 1366 1111 1429 (z'n
1137 1383 1167 1413 a
1198 1364 1460 1428 provokz'ng
1483 1361 1616 1429 lone.)
1651 1349 1826 1412 stane?

440 1466 539 1498 non
574 1459 621 1498 te
656 1433 832 1498 horum
867 1450 1048 1512 pudet?
1772 1466 1824 1506 45

168 1532 234 1578 At
269 1533 313 1578 s1'
347 1531 578 1579 talentum
614 1531 718 1579 rem
754 1530 1021 1594 reliquisset
1057 1530 1295 1592 decem-—

166 1620 274 1660 DE.
311 1613 376 1659 Di
411 1614 498 1661 tibi
533 1614 863 1661 malefaciant!
935 1619 1046 1660 PH.
1083 1613 1268 1674 primus
1303 1625 1433 1658 esses
1467 1606 1745 1662 memoriter

168 1694 456 1758 Progeniem
481 1704 693 1743 vostram
717 1711 869 1758 usque
894 1694 956 1742 ab
980 1710 1070 1742 avo
1095 1702 1238 1756 atque
1262 1695 1402 1741 atav0
1425 1690 1687 1754 proferens.
1727 1695 1823 1738 395

167 1783 275 1824 DE.
314 1774 588 1842 <doggedh1.)
641 1777 717 1824 Ita
757 1776 809 1824 iit
844 1766 976 1823 dicis.
1037 1791 1130 1837 ego
1178 1783 1280 1822 tum
1316 1770 1468 1836 quom
1500 1770 1824 1842 *advenissem,

437 1860 524 1921 qui
559 1858 677 1906 mihi

169 1940 396 2003 Cognata
431 1956 489 1988 ea
524 1949 666 1998 esset,
703 1940 940 1988 dicerem:
989 1939 1154 1986 itidem
1190 1936 1241 1985 tii
1277 1936 1409 1998 face:
1775 1954 1828 1994 50

169 2023 305 2071 Cedo
351 2023 437 2086 qui
481 2031 553 2070 est
601 2030 809 2087 cognata
826 2018 855 2070 ?⁴
928 2027 1032 2068 GE.
1092 2018 1156 2083 (to
1202 2018 1445 2080 Demipho,
1492 2019 1708 2080 clapping
1752 2016 1827 2064 lzzls·

438 2102 625 2169 hands.)
683 2104 761 2151 Eu
812 2103 1004 2151 noster!
1068 2109 1227 2149 recte:
1276 2098 1339 2164 (to
1383 2100 1625 2158 Phormio,
1673 2103 1825 2161 oport,

440 2183 728 2249 anxz'ously.)
773 2185 892 2232 heus
927 2182 993 2243 td,
1031 2199 1146 2231 cave
1168 2185 1187 2246 1·

168 2275 281 2317 PH.
320 2267 390 2333 (in
437 2287 467 2316 a
515 2270 665 2331 lordly
700 2264 929 2331 manner.)
999 2263 1220 2313 Dilucide
1268 2262 1488 2331 expedivi
1526 2262 1699 2326 quibus
1745 2277 1825 2310 me

437 2351 650 2413 oportuit
692 2389 699 2394 .

168 2434 440 2482 Iudicibus:
489 2440 594 2479 tum
629 2428 679 2479 id
715 2431 754 2479 si
791 2430 963 2478 falsum
999 2429 1166 2487 fuerat,
1205 2426 1332 2474 fssius
1729 2429 1826 2472 400

168 2515 310 2574 Quor
343 2515 445 2562 non
478 2513 687 2561 refellit?
745 2518 853 2559 DE.
896 2506 1234 2575 (zmpalz'enlffl)
1275 2508 1452 2556 Fssium
1475 2505 1644 2566 narres
1674 2505 1826 2564 mihi?

169 2597 359 2655 Quoius
396 2594 454 2643 de
492 2595 687 2643 stultitia
723 2594 817 2641 dici
852 2601 904 2640 ut
940 2593 1140 2654 dignum
1175 2599 1247 2637 est
1283 2589 1385 2648 nen
1419 2596 1592 2652 potest.
1774 2583 1824 2647 55

167 2685 281 2726 PH.
317 2675 619 2743 (z'ronz'cally.)
666 2661 732 2724 At
775 2673 828 2723 tii
864 2672 999 2740 (with
1046 2691 1075 2721 a
1113 2674 1202 2721 low
1235 2669 1367 2736 bow.)
1404 2671 1509 2735 qui⁴
1533 2669 1726 2734 sapiens
1773 2667 1825 2716 es

439 2756 747 2822 magistrates
784 2757 877 2815 adi,
