1884 3042
156 142 227 205 46
811 143 1148 190 PHORMJO.
1546 145 1583 186 1.
1603 147 1642 187 2.
1662 152 1810 198 43-72.

161 281 413 346 Rogamus
447 282 564 345 quid
599 281 690 329 sit:
735 278 872 344 (with
897 282 1127 328 dramatz'c
1161 282 1412 329 z'ntonatz‘on
1449 283 1550 330 and
1569 281 1812 347 gestures.)

431 359 727 424 ‘numquam
764 361 947 423 aeque,’
984 362 1151 424 inquit,
1189 360 1272 409 ‘ac
1307 361 1458 411 modo

160 442 422 506 Paupertas
457 443 573 490 mihi
609 458 732 490 onus
767 444 923 490 visum
959 451 1031 491 est
1067 451 1114 491 et
1148 443 1382 492 miserum
1418 443 1465 492 et
1499 459 1656 507 grave.

162 525 317 573 Modo
353 524 599 588 quandam
635 525 728 571 vidi
764 525 997 586 virginem
1032 525 1111 573 hic
1146 525 1343 573 viciniae
1671 545 1722 586 45
1752 530 1813 574 95

161 606 404 665 Miseram,
441 621 578 654 suam
613 613 815 653 matrem
850 605 1100 654 lamentari
1134 606 1377 654 m6rtuam
1395 623 1421 667 :-

159 688 233 735 Ea
262 690 353 735 sita
389 696 489 736 erat
524 688 860 746 exadvdrsum,
896 704 1052 752 neque
1086 689 1152 736 illi
1188 688 1482 737 benevolens

160 770 333 833 Neque
370 770 521 819 ndtusv
551 786 708 833 neque
743 769 981 833 cognatus
1017 779 1151 819 extra
1187 787 1336 819 unam
1373 771 1614 820 aniculam

160 851 433 915 Quisquam
468 851 643 912 aderat,
682 853 764 915 qui
801 852 1034 901 adiutaret
1069 853 1225 900 funus.
1261 854 1526 902 miseritum
1561 862 1646 901 est.

159 933 314 997 Virgo
349 935 454 996 ipsa
489 934 609 983 facie
645 934 864 998 egregia?
926 935 1059 994 Quid
1093 936 1251 983 verbis
1287 935 1476 998 opu'st?
1639 955 1691 996 50
1720 939 1814 982 100

161 1015 446 1063 Commdrat
482 1016 641 1064 omnis
677 1017 780 1064 nds.
817 1017 883 1064 ibi
919 1017 1149 1065 continuo
1184 1006 1415 1081 Antipho,

160 1097 404 1145 ‘Voltisne
440 1113 605 1146 eamus
641 1097 852 1147 visere?'
889 1099 1010 1147 alius
1048 1098 1285 1148 ‘oensem

159 1178 367 1227 Eamus:
406 1179 498 1227 duc
534 1195 625 1228 nos
661 1179 833 1228 s6des.'
871 1181 1011 1240 imus,
1043 1181 1275 1240 venimus,

160 1260 423 1308 Videmus:
461 1262 594 1324 virgo
629 1260 853 1324 pulchra:
890 1270 936 1310 et
972 1278 1070 1325 quo
1105 1265 1261 1326 magis
1298 1263 1500 1323 diceres,

160 1342 243 1390 Nil
277 1342 442 1391 aderat
477 1343 738 1391 adiumenti
775 1345 837 1392 ad
872 1343 1306 1407 pulchritudinem:
1637 1365 1688 1406 55
1721 1349 1815 1392 105

161 1424 380 1487 Capillus
415 1440 598 1488 passus,
635 1423 794 1474 nudus
830 1442 931 1490 pes,
971 1427 1077 1488 ipsa
1112 1427 1320 1486 h6rrida,

160 1505 443 1566 Lacrumae,
480 1508 676 1556 vestitus
711 1506 893 1570 turpis:
930 1516 995 1567 ut,
1034 1509 1084 1555 ni
1119 1510 1189 1557 vis
1224 1509 1342 1557 boni

159 1589 220 1636 In
256 1589 361 1652 ipsa
396 1590 572 1637 inesset
607 1589 775 1649 fdrma,
815 1589 935 1638 haec
970 1590 1178 1638 formam
1215 1592 1571 1653 extinguerent.

160 1657 249 1718 ille
284 1671 367 1733 qui
401 1671 529 1718 illam
566 1672 761 1718 amabat
795 1671 1043 1719 fidicinam
1077 1670 1434 1731 tantummodo,

161 1757 173 1777 ‘
195 1752 346 1811 Satis,'
377 1753 545 1815 inquit,
575 1753 722 1801 ‘scita
756 1754 886 1801 est:'
923 1753 1086 1802 n6ster
1120 1769 1291 1802 vero—
1304 1761 1417 1803 DA.
1449 1751 1818 1817 (z'nterruptz'ng.)
1854 1810 1865 1821 ‚

427 1833 533 1882 Iam
569 1835 700 1883 scio:
1638 1843 1693 1884 60
1722 1840 1817 1882 110

159 1915 339 1964 Amare
375 1917 543 1979 coepit.
614 1923 721 1965 GE.
760 1916 873 1964 Scin
909 1918 1088 1979 quam?
1125 1933 1223 1980 quo
1259 1916 1428 1965 evadat
1462 1917 1581 1965 vide.

160 1998 397 2047 Postridie
432 1998 494 2046 ad
530 2014 677 2046 anum
712 1998 842 2046 recta
877 2000 1060 2062 pergit:
1099 1999 1332 2059 6bsecrat,

162 2079 229 2127 Vt
264 2079 372 2128 eam
409 2081 498 2129 sibi
533 2081 675 2129 liceat
709 2082 876 2128 visere.
910 2080 991 2128 illa
1027 2082 1158 2128 enim
1195 2080 1246 2129 se
1282 2089 1441 2144 negat,

162 2160 335 2225 Neque
372 2178 485 2210 eum
520 2161 730 2226 aequom
766 2169 835 2210 a'st
870 2162 1055 2210 facere:
1099 2163 1233 2210 illam
1271 2163 1422 2210 civem
1464 2177 1568 2211 esse
1604 2150 1818 2210 Atticam

161 2242 353 2292 Bonam
388 2245 531 2292 bonis
566 2243 882 2308 prognatam:
921 2244 961 2291 si
996 2243 1202 2292 uxorem
1236 2245 1358 2304 velit,
1640 2251 1691 2303 65
1723 2248 1816 2291 115

161 2324 295 2388 Lege
331 2326 381 2373 id
416 2326 557 2374 licere
592 2325 776 2374 facere:
816 2326 891 2373 sin
928 2324 1074 2383 aliter,
1111 2334 1270 2388 negat.

163 2406 353 2466 Noster,
391 2408 507 2471 quid
541 2416 718 2471 ageret,
755 2407 968 2457 nescire:
1007 2416 1054 2455 et
1088 2407 1219 2454 illam
1249 2405 1422 2455 ducere

163 2488 401 2551 Cupiebat
435 2498 483 2537 et
518 2489 762 2538 metuebat
799 2488 1051 2537 absentem
1085 2498 1286 2551 patrem.

162 2577 275 2620 DA.
313 2570 443 2630 Non,
480 2572 522 2619 si
556 2572 771 2631 redisset,
809 2572 855 2619 ei
890 2579 1026 2634 pater
1060 2570 1251 2618 veniam
1287 2571 1452 2620 daret?

165 2658 271 2700 GE.
309 2652 393 2700 Ille
429 2653 694 2701 indotatam
722 2653 956 2715 virginem
992 2661 1137 2715 atque
1172 2652 1437 2716 igndbilem
1642 2667 1693 2712 70
1722 2655 1815 2699 120

161 2732 311 2781 Daret
347 2734 443 2781 illi?
481 2750 747 2797 numquam
784 2734 972 2783 faceret.
1041 2740 1154 2783 DA.
1195 2733 1329 2793 Quid
1363 2734 1415 2782 fit
1450 2732 1691 2798 denique?

164 2820 269 2862 GE.
307 2814 438 2873 Quid
473 2815 586 2863 fiat?
623 2825 695 2865 est
728 2817 962 2879 parasitus
997 2816 1194 2880 quidam
1230 2815 1474 2876 Ph6rmi0,
