1942 3112
313 773 562 826 METRA
599 773 813 824 HVIVS
851 771 1171 841 EABVLAE
1206 771 1400 823 HAEC
1439 770 1622 822 SVNT

432 913 528 955 Ver.
561 924 581 954 1
612 912 667 955 ad
698 924 773 965 152
804 913 975 954 iambici
1004 912 1154 954 senarii

480 1009 507 1030 „
567 989 644 1031 153
671 979 904 1020 trochaicus
933 979 1169 1019 octonarius

479 1075 507 1094 „
568 1055 646 1097 154
674 1050 715 1086 et
746 1055 823 1096 155
853 1044 1054 1085 trochaici
1082 1042 1306 1097 septenarii

481 1139 508 1160 ‚,
568 1108 646 1161 156
674 1115 716 1150 et
748 1119 825 1162 157
854 1110 1053 1151 trochaici
1081 1108 1284 1150 octonarii

479 1204 506 1224 „
568 1175 644 1226 158
673 1179 716 1216 et
749 1186 827 1227 159
854 1174 1054 1216 trochaici
1081 1173 1306 1227 septenarii

479 1270 506 1290 ‚,
568 1239 645 1280 160
673 1239 728 1280 ad
759 1239 834 1279 162
864 1239 1036 1280 iambici
1065 1239 1267 1281 octonarii

480 1335 508 1356 „
569 1304 646 1356 163
674 1305 879 1346 iambicus
907 1306 1188 1359 quaternarius

480 1400 508 1420 „
569 1369 647 1423 164
675 1371 731 1411 ad
762 1369 838 1422 176
866 1371 1037 1411 iambici
1065 1368 1267 1411 octonarii

481 1465 509 1486 „
570 1443 646 1488 177
676 1441 716 1476 et
748 1437 825 1488 178
855 1436 1023 1476 iambici
1052 1435 1275 1488 septenarii

481 1529 509 1550 ‚‚
569 1508 645 1553 179
672 1499 907 1541 trochaicus
934 1500 1168 1541 octonarius

479 1595 509 1615 ,‚
569 1566 648 1606 180
674 1565 906 1606 trochaicus
933 1564 1186 1618 septenarius

482 1660 510 1680 ,‚
570 1631 659 1679 181,
694 1631 785 1680 182,
820 1632 898 1682 184
925 1630 1093 1671 iambici
1115 1627 1323 1670 octonarii

480 1724 508 1745 ,‚
567 1696 644 1746 183
673 1695 874 1736 iambicus
901 1694 1181 1748 quaternarius

482 1791 510 1811 „
568 1761 645 1813 185
675 1767 717 1802 et
748 1759 824 1801 186
851 1759 1050 1802 trochaici
1078 1760 1298 1814 septenarii

482 1856 509 1876 ‚,
569 1826 645 1878 187
674 1832 716 1867 et
746 1827 824 1866 188
852 1825 1049 1867 trochaici
1077 1826 1280 1866 octonarii

481 1921 507 1940 ‚,
566 1892 644 1944 189
670 1892 903 1933 trochaicus
930 1891 1183 1944 septenarius

482 1986 509 2006 „
570 1966 648 2009 190
674 1956 878 1998 iambicus
904 1956 1142 1998 octonarius

481 2051 510 2072 ,‚
568 2032 642 2074 191
674 2021 905 2063 trochaicus
933 2021 1108 2062 dimeter-
1133 2020 1396 2062 catalecticus

481 2115 509 2135 ‚,
563 2092 663 2139 192,
690 2097 785 2139 193,
818 2097 893 2139 195
924 2086 1093 2126 iambici
1122 2085 1324 2126 octonarii

482 2179 509 2200 „
570 2161 650 2203 194
675 2151 878 2192 iambicus
906 2152 1089 2192 senarius

479 2245 509 2265 „
569 2214 646 2269 196
676 2215 880 2257 iambicus
908 2215 1190 2269 quaternarius

481 2309 510 2330 „
568 2289 646 2334 197
676 2281 732 2323 ad
762 2292 839 2333 215
869 2281 1072 2322 trochaici
1100 2280 1324 2333 septenarii

482 2375 509 2394 ,‚
567 2345 646 2386 216
674 2347 731 2387 ad
762 2357 842 2397 230
870 2346 1041 2386 iambici
1069 2345 1218 2386 senarii

484 2439 510 2459 ‚,
567 2421 642 2462 231
672 2416 715 2452 et
744 2422 820 2462 232
853 2411 1053 2452 trochaici
1080 2410 1300 2463 septenarii

483 2504 511 2524 „
569 2486 646 2527 233
675 2475 730 2517 ad
760 2487 834 2528 251
867 2476 1039 2517 iambici
1068 2475 1271 2516 octonarii

484 2568 511 2589 ,‚
570 2551 645 2592 252
676 2546 718 2581 et
750 2552 827 2593 253
855 2540 1057 2582 trochaici
1086 2540 1306 2593 septenarii

485 2633 511 2654 ,‚
570 2615 651 2656 254
678 2605 734 2646 ad
763 2616 844 2658 314
871 2606 1040 2646 iambici
1069 2605 1219 2645 senarii

483 2698 512 2718 ‚‚
569 2680 646 2721 315
675 2670 731 2710 ad
760 2678 837 2723 347
867 2670 1067 2711 trochaici
1095 2669 1315 2723 septenarii

482 2762 512 2783 ,‚
568 2734 647 2786 348
674 2734 730 2774 ad
756 2735 840 2788 464
865 2736 1035 2776 iambici
1062 2734 1211 2775 senarii

485 2827 512 2847 ,‚
567 2797 648 2851 465
677 2799 732 2839 ad
759 2798 840 2852 468
870 2799 1071 2840 trochaici
1100 2799 1302 2840 octonarii

487 2892 515 2913 ‚,
570 2863 652 2918 469
680 2869 721 2905 et
748 2871 832 2917 470
859 2865 1060 2906 trochaici
1089 2863 1310 2918 septenarii
