1884 3042
130 140 199 184 111
218 103 341 196 [ἐν]
359 142 398 181 1.
421 139 537 182 20-2.
556 151 618 192 14.
808 137 914 181 PH
913 135 1150 182 ORMIO.
1739 139 1805 196 75

47 259 51 275 ³
131 274 281 337 Quod
315 276 359 323 si
392 275 459 334 fit,
483 283 535 323 ut
569 289 651 322 me
687 271 933 322 excutiam
968 281 1115 338 atque
1150 270 1374 336 egrediar
1409 272 1576 332 domo,
1755 293 1807 322 20

131 358 191 408 Id
223 356 400 407 restat:
449 372 566 405 nam
603 371 700 419 ego
737 357 960 404 meorum
996 356 1128 405 solus
1166 353 1274 403 stim
1309 371 1463 404 meus.

129 447 238 490 DE.
276 439 387 488 Scio
423 439 492 487 ita
527 438 661 487 esse:
699 447 747 487 et
782 439 932 487 istaec
968 439 1088 486 mihi
1125 453 1200 487 res
1237 435 1546 486 sollicitudini
1582 445 1689 486 est:

131 523 307 587 Neque
343 521 593 571 defetiscar
628 519 785 585 iisque
821 521 946 569 adeo
980 521 1258 584 experirier,

131 604 307 654 Donec
342 605 428 653 tibi
464 603 600 668 quod
635 603 878 667 pollicitus
915 603 1024 651 siim
1059 603 1109 651 id
1146 602 1369 651 effecero.
1708 607 1806 652 590

131 687 255 754 (both
278 689 419 735 retire
441 692 484 734 to
507 688 579 735 the
602 686 715 734 back
738 686 801 751 of
810 688 883 734 the
905 691 1033 747 stage
1059 686 1210 733 where
1234 687 1336 749 they
1359 687 1539 734 remain
1564 688 1813 748 engrossear

199 772 250 819 in
285 770 405 818 their
439 770 768 827 conversation,
795 774 875 816 not
905 770 1116 830 noticing
1151 770 1223 816 the
1257 774 1471 817 entrance
1510 770 1573 832 of
1600 768 1719 817 Geta
1753 785 1808 816 or

197 852 422 916 Antzjoho,
442 850 671 915 Demipho
689 852 870 914 having
892 852 968 900 his
993 851 1104 900 back
1127 852 1300 900 turned
1314 854 1415 900 and
1432 851 1650 901 Chremes
1675 852 1809 915 being

200 935 502 996 immediately
525 933 698 998 beyond
714 932 850 1000 him.)

886 1263 980 1313 SC.
1012 1267 1057 1312 2.

428 1384 630 1430 GETA.
703 1379 1069 1447 (DEMIPHO.
1144 1380 1516 1447 CHREMES.)

196 1495 341 1565 (Geta
364 1515 507 1547 comes
530 1516 587 1548 on
591 1500 735 1565 from
760 1501 832 1548 the
855 1500 1054 1561 Forum,
1082 1501 1306 1564 evidently
1330 1502 1381 1549 in
1397 1501 1523 1564 good
1539 1500 1740 1567 spirits.)

131 1608 243 1671 Ego
277 1608 529 1658 heminem
565 1609 864 1659 callidiorem
899 1611 995 1659 vidi
1031 1609 1281 1659 neminem

133 1690 300 1751 Quam
336 1692 707 1741 Phormionem.
781 1691 925 1741 venio
961 1693 1022 1742 ad
1059 1694 1324 1752 hominem,
1360 1702 1413 1742 ut
1449 1694 1665 1743 dicerem

88 1786 94 1792 ”
131 1773 404 1837 Argentum
439 1790 564 1839 opus
600 1791 708 1824 esse
744 1783 790 1824 et
826 1776 879 1824 id
915 1791 1016 1839 quo
1052 1785 1198 1839 pacto
1235 1776 1385 1825 fieret.

134 1855 351 1904 Vixdum
387 1857 642 1907 dimidium
678 1858 912 1919 dixeram,
950 1858 1284 1908 intellexerat:

134 1938 420 1988 Gaudebat:
458 1957 539 1990 me
575 1941 833 1990 laudaibat:
872 1941 1136 2006 quaerebat
1171 1957 1356 1990 senem.
1647 1964 1669 2005 5
1712 1947 1808 1992 595

136 2020 225 2070 Dis
259 2022 438 2086 gretias
473 2022 664 2086 agebat,
701 2033 892 2087 tempus
929 2025 1022 2073 sibi
1058 2024 1177 2083 dari,

134 2103 233 2152 Vbi
269 2105 535 2156 Phaedriae
571 2123 678 2156 esse
715 2107 996 2156 ostenderet
1031 2106 1185 2154 nihilo
1220 2106 1385 2154 minus
1581 2170 1584 2172 ‚

135 2186 363 2236 Amicum
400 2204 504 2238 sese
542 2205 690 2253 quam
725 2178 1011 2253 Antiphoni.
1082 2189 1335 2237 hominem
1371 2187 1434 2237 ad
1468 2188 1628 2236 forum

135 2267 262 2318 Iussi
297 2270 536 2334 opperiri:
573 2287 633 2320 eo
668 2287 748 2320 me
784 2270 891 2320 esse
928 2270 1251 2319 adducturtim
1288 2286 1469 2319 senem.
1497 2270 1571 2337 (as
1595 2272 1650 2319 he
1673 2278 1812 2320 turns

405 2355 613 2402 towards
647 2356 721 2402 the
743 2356 878 2402 house
900 2354 957 2402 he
979 2355 1155 2401 catches
1178 2353 1310 2416 sight
1329 2354 1392 2416 of
1401 2352 1667 2419 Demipho.)

140 2431 236 2482 Sed
293 2436 463 2483 eccum
513 2436 690 2499 ipsum.
772 2436 999 2501 (peering
1038 2437 1296 2497 cautiously
1335 2435 1521 2500 round.)
1575 2437 1684 2501 quis
1738 2439 1811 2485 est

407 2515 637 2566 ulterior?
692 2525 811 2566 attat
846 2518 1115 2567 Phaedriae
1624 2539 1673 2567 10
1711 2523 1810 2568 600

138 2595 279 2646 Pater
311 2596 454 2646 venit.
513 2599 600 2647 sed
636 2600 755 2663 quid
790 2600 1017 2662 pertimui
1053 2609 1215 2648 autem
1250 2599 1430 2649 belua?

137 2677 219 2727 An
255 2681 371 2743 quia
407 2696 532 2743 quos
569 2681 732 2729 fallam
769 2698 859 2745 pro
895 2681 998 2730 tino
1035 2682 1132 2730 duo
1168 2690 1281 2730 sunt
1317 2683 1437 2730 mihi
1474 2681 1606 2730 dati?

139 2759 465 2810 Commodius
501 2778 609 2811 esse
646 2764 825 2826 opinor
861 2763 1042 2826 duplici
1079 2779 1166 2826 spe
1203 2762 1337 2812 titier.

138 2840 310 2891 Petam
344 2842 457 2892 hinc
494 2845 624 2893 unde
662 2860 691 2893 a
730 2846 888 2909 primo
927 2846 1140 2894 institui:
1178 2846 1219 2895 is
1256 2846 1296 2894 si
1332 2845 1426 2906 dett,
1466 2853 1540 2895 sat
1574 2855 1679 2897 esta
