1884 3042
506 408 1189 488 PHORMIO.

720 587 921 612 ›-†—

662 705 1045 756 PROLOGVS.

0 859 1 862 ¹
26 838 288 904 Postquam
322 843 468 903 po'e‘ta
501 837 638 887 vetus
672 843 871 902 poetam
895 836 1006 886 non
1041 845 1203 901 potest

29 921 286 972 Retrahere
320 923 383 970 ab
418 921 574 970 studio
609 929 659 970 et
692 919 879 969 tradere
912 919 1162 968 hominem
1197 920 1248 967 in
1284 917 1452 978 otium,

27 1004 297 1054 Maledictis
332 1003 569 1053 deterrere
603 1019 665 1052 ne
703 1002 880 1051 scribat
908 1010 1072 1066 parat:

27 1086 128 1148 Qui
159 1087 226 1135 ita
261 1086 456 1147 dictitat,
495 1101 616 1150 quas
651 1085 854 1134 ‘antehac
889 1085 1003 1133 fecit
1037 1083 1240 1144 fabulas,

28 1162 190 1218 Tenui
223 1166 328 1217 esse
364 1168 582 1217 oratione
618 1167 665 1217 et
700 1166 934 1231 scriptura
967 1167 1086 1215 levi:
1656 1170 1682 1213 5

29 1235 158 1310 Quia
192 1249 432 1314 nusquam
465 1251 691 1299 insanum
726 1251 912 1312 scripsit
947 1247 1359 1297 adulescentulum

29 1329 232 1381 Cervem
265 1334 426 1382 videre
460 1331 624 1396 fugere
661 1341 708 1381 et
745 1333 918 1381 sectari
951 1347 1096 1380 canes

28 1413 92 1462 Et
125 1413 233 1463 eam
266 1414 468 1478 plorare,
499 1414 632 1464 orare
667 1423 720 1463 ut
755 1414 1002 1463 subveniat
1038 1413 1141 1461 sibi.

30 1494 180 1555 Quod
215 1496 255 1545 si
290 1497 599 1560 intellegeret,
636 1496 796 1560 quom
824 1503 947 1545 stetit
982 1496 1098 1546 olim
1133 1511 1273 1556 nova,

28 1578 221 1627 Act6ris
254 1593 406 1642 opera
439 1579 595 1643 meg'is
630 1580 815 1628 stetisse
851 1579 1000 1643 quam
1036 1594 1137 1639 sua,
1622 1583 1682 1626 10

29 1657 197 1709 Minus
232 1659 401 1729 miilto¹
420 1661 658 1721 audacter,
696 1661 843 1725 quem
878 1677 1008 1710 nunc
1042 1660 1201 1720 laedit,
1237 1658 1461 1709 laederet.

30 1740 176 1792 Nunc
211 1744 254 1790 si
286 1744 394 1809 quis
428 1751 515 1803 est,
552 1745 633 1808 qui
667 1743 762 1793 hoc
796 1745 924 1792 dicat
959 1753 1040 1792 aut
1075 1745 1142 1792 sic
1178 1742 1387 1805 cogitet:

29 1822 204 1874 ‘Vetus
237 1826 280 1874 si
311 1831 456 1889 poeta
490 1826 591 1874 n6n
624 1826 891 1875 lacessisset
925 1827 1068 1891 prior,

32 1902 231 1954 Nullum
265 1908 476 1957 invenire
509 1908 766 1973 prologum
801 1908 967 1972 posset
1003 1924 1172 1968 nOVOS,

15 1985 194 2048 ,Quem
227 1988 416 2049 diceret,
451 1990 543 2038 nisi
577 1990 771 2039 haberet
809 1992 887 2039 cui
922 1991 1049 2039 male
1086 1992 1267 2040 diceret
1285 2009 1296 2040 :
1313 1990 1325 2008 ¹
1623 1996 1682 2038 15

34 2066 86 2119 Is
117 2070 206 2119 sibi
238 2086 524 2135 responsum
560 2073 654 2122 hoc
690 2073 880 2132 habeat,
916 2074 967 2121 in
1002 2074 1165 2123 medio
1203 2074 1430 2122 omnibus

36 2148 250 2200 Palmam
282 2152 387 2202 esse
420 2155 642 2218 positam,
679 2156 760 2219 qui
797 2155 950 2204 artem
985 2164 1188 2205 tractent
1222 2156 1471 2206 musicam.

36 2229 123 2280 me
153 2232 216 2283 {td
249 2233 426 2284 famem
460 2237 589 2286 hunc
624 2239 687 2286 ab
723 2237 884 2287 studio
922 2239 1102 2287 studuit
1136 2240 1344 2287 reicere:

37 2312 135 2363 Hic
167 2314 454 2380 respondere
488 2320 649 2381 voluit,
687 2336 789 2368 non
824 2320 1072 2369 lacessere.

36 2393 308 2447 Benedictis
341 2400 380 2448 si
413 2401 652 2462 certasset,
690 2402 902 2451 audisset
937 2404 1091 2452 bene:
1618 2409 1681 2452 20

38 2475 185 2545 Quod
218 2480 280 2528 ab
313 2481 394 2530 illo
428 2483 643 2532 adlatum
678 2493 764 2545 est,
801 2486 892 2533 sibi
926 2485 975 2534 id
1011 2502 1117 2534 esse
1152 2484 1370 2534 rellatum
1405 2495 1553 2549 putet.

34 2557 112 2618 De
146 2561 228 2610 1116
261 2563 357 2611 iam
389 2564 535 2614 finem
569 2566 744 2616 faciam
780 2569 978 2617 dicundi
1007 2570 1140 2628 mihi,

35 2638 271 2694 Peccandi
305 2662 453 2711 quom
486 2649 590 2713 ipse
625 2649 685 2698 de
722 2666 772 2699 se
808 2651 956 2699 finem
991 2652 1093 2700 non
1127 2652 1253 2702 facit.

35 2721 179 2776 Nunc
213 2729 330 2792 quid
362 2731 503 2779 velim
539 2733 756 2781 animum
792 2733 1034 2783 attendite.
1071 2735 1277 2798 adport6
1313 2750 1491 2784 novam

34 2802 475 2873 Epidicazomenon
511 2814 660 2878 quam
693 2824 864 2865 vocant
900 2816 1204 2866 comoediam
1619 2821 1681 2865 25
