1942 3112
21 136 29 187 1
119 177 173 220 v.
195 179 220 220 1
241 175 323 231 [s].
343 174 464 228 6-31.
768 170 1111 216 PHORMJO.
1721 170 1790 229 95

51 381 57 398 ι
116 312 307 373 Visam,
343 309 396 359 fit
438 309 749 374 quod—DE.
792 308 1010 374 (tappz'ng
1047 307 1282 356 Phormio
1321 323 1377 353 on
1425 307 1497 354 llze
1520 304 1790 368 shouMevz)

390 394 457 441 At
492 408 584 441 nos
619 391 682 440 a'td
719 401 767 440 te
803 392 1010 449 ibamus,
1049 390 1297 438 Phormio.
1691 393 1789 436 900

92 484 232 527 -ΡΗ,
261 476 339 525 De
370 477 541 524 eadem
573 474 664 543 hgic
696 475 899 523 fortasse
935 472 1115 522 causa?
1185 479 1293 520 DE.
1325 472 1400 520 Ita
1428 471 1603 519 hercle.
1676 473 1789 519 PH.

391 558 615 607 Credidi:

120 643 255 703 Quid
290 642 354 690 aid
387 657 466 689 me
501 614 676 688 ibatis?
712 640 997 688 ridiculum:
1034 637 1330 687 verebz'tmini

120 725 198 775 Ne
234 726 336 773 n6n
371 724 420 772 id
453 723 663 771 facerem
698 723 834 786 quod
870 720 1159 785 recepissem
1197 721 1380 769 semel?

23 836 29 854 ,ι
120 805 448 874 (pompoushl.)
474 806 642 854 Heus!
676 804 858 869 quainta
893 812 1076 868 quanta
1113 804 1234 852 haec
1269 803 1379 854 mea
1413 813 1670 867 paupertas
1705 801 1792 862 est,

390 899 553 937 tamen
1744 907 1792 933 10

121 971 298 1021 Adhuc
333 973 494 1020 curavi
530 955 683 1018 unum
719 970 812 1018 hoc
849 970 1060 1033 quidem,
1096 979 1149 1018 ut
1184 970 1250 1016 mi
1287 969 1416 1017 esset
1452 970 1586 1018 fides.
1693 974 1790 1018 905

122 1055 278 1119 quue
314 1054 440 1103 {ideo
474 1054 616 1102 venio
651 1051 936 1111 nuntiatum,
969 1052 1231 1115 Demipho,

124 1137 353 1186 Paraitum
388 1153 468 1184 me
503 1151 636 1184 esse:
673 1136 756 1183 ubi
791 1136 944 1194 voltis,
981 1135 1185 1183 uxorem
1223 1135 1349 1183 date.

126 1213 452 1269 Nam‘omnis
486 1218 750 1282 posthabui
785 1219 905 1265 mssfi
941 1234 1031 1276 res,
1069 1219 1134 1266 ita
1171 1219 1239 1265 uti
1274 1217 1360 1281 pair
1396 1217 1497 1276 fuit,
1745 1239 1792 1279 15

126 1301 394 1366 Postquz'zm
429 1310 566 1350 tanto
602 1317 748 1364 opere
784 1301 834 1348 id
869 1301 955 1348 vos
991 1301 1111 1348 velle
1148 1301 1599 1348 animadvorteram.

125 1393 232 1434 DE.
269 1384 540 1450 (hesz'latz'ng
561 1385 662 1431 and
679 1382 934 1447 confused.)
970 1384 1035 1430 At
1069 1383 1148 1431 hic
1186 1383 1466 1431 dehortatus
1502 1382 1575 1431 est
1610 1399 1706 1443 me,
1731 1400 1793 1432 ne

396 1467 528 1514 illam
564 1467 651 1514 tibi
685 1466 876 1513 darem:
1695 1472 1795 1515 910

127 1549 286 1598 ‘Nam
321 1541 407 1612 qui
439 1549 527 1597 erit
561 1547 755 1608 rumor,'
791 1548 958 1611 inquit,
992 1548 1069 1595 ‘id
1106 1549 1145 1596 si
1181 1547 1383 1596 feceris?

126 1632 261 1682 Olim
296 1647 446 1695 quom
484 1632 685 1678 honeste
721 1631 892 1693 potuit,
929 1639 1033 1676 tum
1070 1646 1171 1688 non
1205 1630 1277 1678 est
1313 1631 1453 1678 data:

125 1715 252 1763 Eam
287 1713 418 1762 minc
454 1714 643 1761 extrudi
680 1711 820 1775 turpe
856 1711 984 1760 est':
1033 1712 1184 1760 ferme
1221 1714 1393 1761 eadem
1429 1714 1596 1762 omnia
1746 1736 1796 1763 20

128 1797 270 1856 Quae
306 1795 407 1845 tute
444 1795 628 1867 dudum
664 1795 829 1843 coram
866 1811 945 1843 me
981 1795 1306 1843 incusdveras.

129 1886 242 1928 PH.
283 1876 634 1946 (z'ndzgnanlht.)
680 1871 805 1926 Satis
848 1879 1052 1941 superbe
1090 1877 1301 1927 inluditis
1342 1895 1436 1927 me.
1507 1886 1616 1928 DE.
1662 1881 1798 1940 Qui?

402 1970 514 2011 PH.
554 1962 753 2025 Rogas?
893 1996 897 2000 -
1697 1970 1794 2013 915

131 2044 261 2103 Quia
294 2061 358 2094 ne
392 2045 593 2093 alteram
630 2046 828 2108 quidem
864 2046 996 2092 sslam
1031 2054 1200 2108 potero
1237 2044 1444 2094 ducere:

132 2126 263 2174 Nam
298 2127 396 2189 qu6
431 2128 599 2176 redibo
635 2143 718 2187 ore
755 2127 816 2175 fid
853 2143 962 2175 earn
998 2143 1146 2190 quam
1179 2128 1589 2191 contempserim?

133 2215 242 2256 CH.
289 2206 521 2273 (nudgz‘ng
555 2209 784 2271 Demipho
818 2211 918 2257 and
942 2212 1219 2271 promplz'ng
1265 2210 1378 2268 him,
1420 2211 1593 2273 apart.)
1638 2211 1797 2258 ‘Tum

401 2300 570 2338 autem.
597 2281 935 2358 Antiphonem
971 2292 1111 2339 video
1148 2293 1209 2338 ab
1246 2308 1351 2339 sese
1388 2294 1606 2340 amittere
1747 2314 1796 2353 25

131 2374 343 2420 Invitum
378 2373 516 2431 eam,'
553 2374 712 2436 inque.
784 2381 894 2422 DE.
933 2374 1066 2421 Tum
1103 2373 1266 2421 autem
1300 2375 1442 2423 video
1478 2375 1633 2422 filium

131 2455 344 2502 Invitum
381 2470 494 2502 sane
530 2454 780 2504 mulierem
817 2458 879 2504 ab
917 2472 968 2503 se
1005 2458 1239 2504 amittere.
1700 2463 1799 2506 920

132 2535 562 2607 (authorzYatzveff.)
631 2537 727 2586 Sed
774 2538 923 2586 trzinsi
972 2539 1116 2586 sodes
1165 2538 1229 2586 fid
1275 2538 1446 2597 forum,
1491 2549 1635 2602 atque
1684 2539 1800 2589 illud

417 2618 536 2666 mihi

134 2700 403 2763 Argentum
440 2716 630 2748 rursum
665 2700 775 2749 iube
812 2702 1021 2761 rescribi,
1061 2701 1306 2750 Phormio.

136 2788 248 2830 PH.
286 2782 500 2841 Quodne
537 2782 631 2845 ego
667 2784 890 2846 discripsi
924 2785 1071 2846 porro
1106 2785 1197 2832 illis
1234 2785 1409 2847 quib1⁹1s
1447 2785 1624 2834 debui?
1750 2808 1802 2846 30

135 2870 244 2912 DE.
263 2864 395 2924 Quid
420 2865 563 2928 igitur
586 2865 698 2914 fiet?
768 2872 881 2913 PH.
906 2864 1152 2930 (drawing
1174 2868 1376 2930 himself
1384 2877 1444 2931 up
1468 2870 1568 2916 and
1584 2870 1805 2934 speaking
