<?xml version="1.0" encoding="UTF-8"?>
<!DOCTYPE html PUBLIC "-//W3C//DTD XHTML 1.0 Transitional//EN"
    "http://www.w3.org/TR/xhtml1/DTD/xhtml1-transitional.dtd">
<html xmlns="http://www.w3.org/1999/xhtml" xml:lang="en" lang="en">
 <head>
  <title>
</title>
<meta http-equiv="Content-Type" content="text/html;charset=utf-8" />
  <meta name='ocr-system' content='tesseract 3.04.00' />
  <meta name='ocr-capabilities' content='ocr_page ocr_carea ocr_par ocr_line ocrx_word'/>
</head>
<body>
  <div class='ocr_page' id='page_1' title='image "./phormiotere00tereuoft_0092.png"; bbox 0 0 1942 3112; ppageno 0'>
   <div class='ocr_carea' id='block_1_1' title="bbox 149 0 1942 237">
    <p class='ocr_par' dir='ltr' id='par_1_1' title="bbox 149 0 1942 237">
     <span class='ocr_line' id='line_1_1' title="bbox 149 0 1942 237; baseline 0.002 -49"><span class='ocrx_word' id='word_1_1' title='bbox 149 137 215 190; x_wconf 89' lang='lat'><strong>88</strong></span> <span class='ocrx_word' id='word_1_2' title='bbox 775 147 1132 205; x_wconf 55' lang='lat' dir='ltr'><strong>stHORMIO.</strong></span> <span class='ocrx_word' id='word_1_3' title='bbox 1421 152 1486 192; x_wconf 90' lang='lat' dir='ltr'><strong>1v</strong></span> <span class='ocrx_word' id='word_1_4' title='bbox 1506 152 1602 206; x_wconf 84' lang='lat' dir='ltr'><strong>[v].</strong></span> <span class='ocrx_word' id='word_1_5' title='bbox 1623 153 1661 194; x_wconf 82' lang='lat'><strong>3.</strong></span> <span class='ocrx_word' id='word_1_6' title='bbox 1682 0 1942 237; x_wconf 50' lang='lat' dir='ltr'><strong>9-er</strong></span> 
     </span>
    </p>
   </div>
   <div class='ocr_carea' id='block_1_2' title="bbox 138 280 1804 1740">
    <p class='ocr_par' dir='ltr' id='par_1_2' title="bbox 144 280 1804 428">
     <span class='ocr_line' id='line_1_2' title="bbox 144 280 1804 351; baseline 0.004 -23"><span class='ocrx_word' id='word_1_7' title='bbox 144 281 298 328; x_wconf 68' lang='lat' dir='ltr'><strong>Patris</strong></span> <span class='ocrx_word' id='word_1_8' title='bbox 333 280 514 329; x_wconf 81' lang='lat' dir='ltr'><strong>nomen</strong></span> <span class='ocrx_word' id='word_1_9' title='bbox 550 282 680 330; x_wconf 88' lang='lat' dir='ltr'><strong>aliud</strong></span> <span class='ocrx_word' id='word_1_10' title='bbox 722 282 903 331; x_wconf 80' lang='lat' dir='ltr'><strong>dictum</strong></span> <span class='ocrx_word' id='word_1_11' title='bbox 941 292 1039 331; x_wconf 89' lang='lat' dir='ltr'><strong>est:</strong></span> <span class='ocrx_word' id='word_1_12' title='bbox 1090 284 1184 333; x_wconf 90' lang='lat' dir='ltr'><strong>hoc</strong></span> <span class='ocrx_word' id='word_1_13' title='bbox 1221 294 1271 333; x_wconf 80' lang='lat' dir='ltr'><strong>tu</strong></span> <span class='ocrx_word' id='word_1_14' title='bbox 1307 284 1483 333; x_wconf 74' lang='lat' dir='ltr'><strong>errasti.</strong></span> <span class='ocrx_word' id='word_1_15' title='bbox 1566 291 1674 334; x_wconf 93' lang='lat' dir='ltr'><strong>DE.</strong></span> <span class='ocrx_word' id='word_1_16' title='bbox 1711 282 1804 351; x_wconf 88' lang='lat' dir='ltr'><em>(in-</em></span> 
     </span>
     <span class='ocr_line' id='line_1_3' title="bbox 415 363 1332 428; baseline 0.005 -19"><span class='ocrx_word' id='word_1_17' title='bbox 415 363 732 427; x_wconf 87' lang='lat' dir='ltr'><em>credulously.)</em></span> <span class='ocrx_word' id='word_1_18' title='bbox 783 364 899 413; x_wconf 92' lang='lat' dir='ltr'><strong>Non</strong></span> <span class='ocrx_word' id='word_1_19' title='bbox 935 366 1074 414; x_wconf 75' lang='lat' dir='ltr'><strong>norat</strong></span> <span class='ocrx_word' id='word_1_20' title='bbox 1108 369 1332 428; x_wconf 87' lang='lat' dir='ltr'><strong>patrem?</strong></span> 
     </span>
    </p>

    <p class='ocr_par' dir='ltr' id='par_1_3' title="bbox 148 444 1804 751">
     <span class='ocr_line' id='line_1_4' title="bbox 148 444 1802 512; baseline 0.004 -21"><span class='ocrx_word' id='word_1_21' title='bbox 148 451 254 492; x_wconf 86' lang='lat' dir='ltr'><strong>CH.</strong></span> <span class='ocrx_word' id='word_1_22' title='bbox 293 444 460 492; x_wconf 74' lang='lat' dir='ltr'><strong>Norat.</strong></span> <span class='ocrx_word' id='word_1_23' title='bbox 531 452 639 493; x_wconf 93' lang='lat' dir='ltr'><strong>DE.</strong></span> <span class='ocrx_word' id='word_1_24' title='bbox 678 445 819 505; x_wconf 91' lang='lat' dir='ltr'><strong>Quor</strong></span> <span class='ocrx_word' id='word_1_25' title='bbox 854 447 982 495; x_wconf 89' lang='lat' dir='ltr'><strong>aliud</strong></span> <span class='ocrx_word' id='word_1_26' title='bbox 1019 449 1174 496; x_wconf 77' lang='lat' dir='ltr'><strong>dixit?</strong></span> <span class='ocrx_word' id='word_1_27' title='bbox 1248 456 1356 496; x_wconf 85' lang='lat' dir='ltr'><strong>CH.</strong></span> <span class='ocrx_word' id='word_1_28' title='bbox 1393 449 1557 512; x_wconf 88' lang='lat' dir='ltr'><em>(apart</em></span> <span class='ocrx_word' id='word_1_29' title='bbox 1573 454 1616 497; x_wconf 89' lang='lat' dir='ltr'><strong>to</strong></span> <span class='ocrx_word' id='word_1_30' title='bbox 1638 448 1802 496; x_wconf 88' lang='lat' dir='ltr'><em>Demi-</em></span> 
     </span>
     <span class='ocr_line' id='line_1_5' title="bbox 402 528 1804 594; baseline 0.003 -21"><span class='ocrx_word' id='word_1_31' title='bbox 402 528 514 589; x_wconf 86' lang='lat' dir='ltr'><em>pho,</em></span> <span class='ocrx_word' id='word_1_32' title='bbox 546 529 774 590; x_wconf 79' lang='lat' dir='ltr'><em>glancing</em></span> <span class='ocrx_word' id='word_1_33' title='bbox 811 530 928 576; x_wconf 82' lang='lat' dir='ltr'><em>with</em></span> <span class='ocrx_word' id='word_1_34' title='bbox 963 535 1117 577; x_wconf 89' lang='lat' dir='ltr'><em>terror</em></span> <span class='ocrx_word' id='word_1_35' title='bbox 1150 532 1355 578; x_wconf 83' lang='lat' dir='ltr'><em>towards</em></span> <span class='ocrx_word' id='word_1_36' title='bbox 1394 532 1469 578; x_wconf 88' lang='lat' dir='ltr'><strong>his</strong></span> <span class='ocrx_word' id='word_1_37' title='bbox 1508 532 1620 594; x_wconf 63' lang='lat' dir='ltr'><strong>wis}</strong></span> <span class='ocrx_word' id='word_1_38' title='bbox 1655 532 1804 578; x_wconf 81' lang='lat' dir='ltr'><em>whose</em></span> 
     </span>
     <span class='ocr_line' id='line_1_6' title="bbox 414 610 1803 676; baseline 0.004 -22"><span class='ocrx_word' id='word_1_39' title='bbox 414 610 667 671; x_wconf 84' lang='lat' dir='ltr'><em>suspicions</em></span> <span class='ocrx_word' id='word_1_40' title='bbox 690 627 773 656; x_wconf 91' lang='lat' dir='ltr'><strong>are</strong></span> <span class='ocrx_word' id='word_1_41' title='bbox 795 612 1016 674; x_wconf 64' lang='lat' dir='ltr'><em>evidently</em></span> <span class='ocrx_word' id='word_1_42' title='bbox 1027 613 1255 676; x_wconf 88' lang='lat' dir='ltr'><em>aroused.)</em></span> <span class='ocrx_word' id='word_1_43' title='bbox 1291 611 1636 676; x_wconf 86' lang='lat' dir='ltr'><strong>Numquamne</strong></span> <span class='ocrx_word' id='word_1_44' title='bbox 1659 612 1803 660; x_wconf 75' lang='lat' dir='ltr'><strong>hodie</strong></span> 
     </span>
     <span class='ocr_line' id='line_1_7' title="bbox 414 690 1801 751; baseline 0.003 -13"><span class='ocrx_word' id='word_1_45' title='bbox 414 690 654 738; x_wconf 57' lang='lat' dir='ltr'><strong>concedos</strong></span> <span class='ocrx_word' id='word_1_46' title='bbox 690 691 821 751; x_wconf 88' lang='lat' dir='ltr'><strong>mihi,</strong></span> <span class='ocrx_word' id='word_1_47' title='bbox 1619 713 1667 742; x_wconf 91' lang='lat'><strong>10</strong></span> <span class='ocrx_word' id='word_1_48' title='bbox 1704 696 1801 742; x_wconf 87' lang='lat'><strong>805</strong></span> 
     </span>
    </p>

    <p class='ocr_par' dir='ltr' id='par_1_4' title="bbox 143 771 1802 920">
     <span class='ocr_line' id='line_1_8' title="bbox 143 771 1802 841; baseline 0.002 -22"><span class='ocrx_word' id='word_1_49' title='bbox 143 771 317 835; x_wconf 85' lang='lat' dir='ltr'><strong>Neque</strong></span> <span class='ocrx_word' id='word_1_50' title='bbox 363 772 650 834; x_wconf 57' lang='lat' dir='ltr'><strong>intolleges?</strong></span> <span class='ocrx_word' id='word_1_51' title='bbox 734 780 843 822; x_wconf 98' lang='lat' dir='ltr'><strong>DE.</strong></span> <span class='ocrx_word' id='word_1_52' title='bbox 894 774 945 822; x_wconf 89' lang='lat' dir='ltr'><strong>Si</strong></span> <span class='ocrx_word' id='word_1_53' title='bbox 988 772 1039 822; x_wconf 81' lang='lat' dir='ltr'><strong>t1&#39;1</strong></span> <span class='ocrx_word' id='word_1_54' title='bbox 1069 775 1135 822; x_wconf 92' lang='lat' dir='ltr'><strong>nil</strong></span> <span class='ocrx_word' id='word_1_55' title='bbox 1183 777 1383 824; x_wconf 85' lang='lat' dir='ltr'><strong>narras?</strong></span> <span class='ocrx_word' id='word_1_56' title='bbox 1469 782 1578 824; x_wconf 84' lang='lat' dir='ltr'><strong>CH.</strong></span> <span class='ocrx_word' id='word_1_57' title='bbox 1631 775 1802 841; x_wconf 85' lang='lat' dir='ltr'><em>(impa-</em></span> 
     </span>
     <span class='ocr_line' id='line_1_9' title="bbox 413 852 1498 920; baseline 0.005 -20"><span class='ocrx_word' id='word_1_58' title='bbox 413 852 604 920; x_wconf 78' lang='lat' dir='ltr'><em>tiently.)</em></span> <span class='ocrx_word' id='word_1_59' title='bbox 642 854 843 904; x_wconf 56' lang='lat' dir='ltr'><strong>Perdis?</strong></span> <span class='ocrx_word' id='word_1_60' title='bbox 904 862 1019 904; x_wconf 81' lang='lat' dir='ltr'><strong>NA.</strong></span> <span class='ocrx_word' id='word_1_61' title='bbox 1057 856 1210 904; x_wconf 90' lang='lat' dir='ltr'>Miror</span> <span class='ocrx_word' id='word_1_62' title='bbox 1246 857 1362 920; x_wconf 79' lang='lat' dir='ltr'><strong>quid</strong></span> <span class='ocrx_word' id='word_1_63' title='bbox 1397 858 1498 905; x_wconf 86' lang='lat' dir='ltr'><strong>siet.</strong></span> 
     </span>
    </p>

    <p class='ocr_par' dir='ltr' id='par_1_5' title="bbox 141 935 1802 1082">
     <span class='ocr_line' id='line_1_10' title="bbox 141 935 1802 1004; baseline 0.002 -21"><span class='ocrx_word' id='word_1_64' title='bbox 141 942 248 983; x_wconf 92' lang='lat' dir='ltr'><strong>DE.</strong></span> <span class='ocrx_word' id='word_1_65' title='bbox 285 935 526 999; x_wconf 86' lang='lat' dir='ltr'><strong>Equidem</strong></span> <span class='ocrx_word' id='word_1_66' title='bbox 561 936 723 985; x_wconf 59' lang='lat' dir='ltr'><strong>horcle</strong></span> <span class='ocrx_word' id='word_1_67' title='bbox 760 938 938 986; x_wconf 79' lang='lat' dir='ltr'><strong>nescio.</strong></span> <span class='ocrx_word' id='word_1_68' title='bbox 1002 945 1109 986; x_wconf 86' lang='lat' dir='ltr'><strong>CH.</strong></span> <span class='ocrx_word' id='word_1_69' title='bbox 1148 937 1475 1004; x_wconf 69' lang='lat' dir='ltr'><em>(desperately.)</em></span> <span class='ocrx_word' id='word_1_70' title='bbox 1511 939 1610 986; x_wconf 90' lang='lat' dir='ltr'><strong>Vin</strong></span> <span class='ocrx_word' id='word_1_71' title='bbox 1647 940 1802 987; x_wconf 87' lang='lat' dir='ltr'><strong>scire?</strong></span> 
     </span>
     <span class='ocr_line' id='line_1_11' title="bbox 414 1018 1127 1082; baseline 0.003 -17"><span class='ocrx_word' id='word_1_72' title='bbox 414 1026 463 1065; x_wconf 90' lang='lat' dir='ltr'><strong>at</strong></span> <span class='ocrx_word' id='word_1_73' title='bbox 498 1020 564 1066; x_wconf 77' lang='lat' dir='ltr'><strong>ita</strong></span> <span class='ocrx_word' id='word_1_74' title='bbox 599 1034 678 1065; x_wconf 87' lang='lat' dir='ltr'><strong>me</strong></span> <span class='ocrx_word' id='word_1_75' title='bbox 709 1028 862 1067; x_wconf 85' lang='lat' dir='ltr'><strong>servet</strong></span> <span class='ocrx_word' id='word_1_76' title='bbox 898 1018 1127 1082; x_wconf 74' lang='lat' dir='ltr'><strong>Iuppiter,</strong></span> 
     </span>
    </p>

    <p class='ocr_par' dir='ltr' id='par_1_6' title="bbox 141 1084 1802 1249">
     <span class='ocr_line' id='line_1_12' title="bbox 141 1084 1802 1167; baseline 0.002 -21"><span class='ocrx_word' id='word_1_77' title='bbox 141 1099 208 1147; x_wconf 92' lang='lat' dir='ltr'><strong>Vt</strong></span> <span class='ocrx_word' id='word_1_78' title='bbox 243 1100 443 1163; x_wconf 80' lang='lat' dir='ltr'><strong>propior</strong></span> <span class='ocrx_word' id='word_1_79' title='bbox 479 1101 558 1158; x_wconf 90' lang='lat' dir='ltr'><strong>illi,</strong></span> <span class='ocrx_word' id='word_1_80' title='bbox 597 1084 743 1163; x_wconf 59' lang='lat' dir='ltr'><strong>quam</strong></span> <span class='ocrx_word' id='word_1_81' title='bbox 779 1117 872 1164; x_wconf 86' lang='lat' dir='ltr'><strong>ego</strong></span> <span class='ocrx_word' id='word_1_82' title='bbox 915 1118 1021 1149; x_wconf 88' lang='lat' dir='ltr'><strong>sum</strong></span> <span class='ocrx_word' id='word_1_83' title='bbox 1063 1118 1119 1150; x_wconf 90' lang='lat' dir='ltr'><strong>ac</strong></span> <span class='ocrx_word' id='word_1_84' title='bbox 1155 1111 1219 1162; x_wconf 91' lang='lat' dir='ltr'><strong>tu,</strong></span> <span class='ocrx_word' id='word_1_85' title='bbox 1259 1102 1406 1150; x_wconf 89' lang='lat' dir='ltr'><strong>ne&#39;mo</strong></span> <span class='ocrx_word' id='word_1_86' title='bbox 1447 1111 1533 1151; x_wconf 87' lang='lat' dir='ltr'><strong>est.</strong></span> <span class='ocrx_word' id='word_1_87' title='bbox 1581 1109 1691 1151; x_wconf 90' lang='lat' dir='ltr'><strong>DE.</strong></span> <span class='ocrx_word' id='word_1_88' title='bbox 1729 1100 1802 1167; x_wconf 85' lang='lat' dir='ltr'><strong>(in</strong></span> 
     </span>
     <span class='ocr_line' id='line_1_13' title="bbox 412 1180 1802 1249; baseline 0.002 -20"><span class='ocrx_word' id='word_1_89' title='bbox 412 1180 724 1249; x_wconf 84' lang='lat' dir='ltr'><em>amazement.)</em></span> <span class='ocrx_word' id='word_1_90' title='bbox 762 1183 827 1229; x_wconf 90' lang='lat' dir='ltr'><strong>Di</strong></span> <span class='ocrx_word' id='word_1_91' title='bbox 863 1183 1074 1231; x_wconf 71' lang='lat' dir='ltr'><strong>vostram</strong></span> <span class='ocrx_word' id='word_1_92' title='bbox 1110 1184 1292 1232; x_wconf 86' lang='lat' dir='ltr'><strong>fidem!</strong></span> <span class='ocrx_word' id='word_1_93' title='bbox 1705 1182 1802 1249; x_wconf 83' lang='lat'><strong>(25)</strong></span> 
     </span>
    </p>

    <p class='ocr_par' dir='ltr' id='par_1_7' title="bbox 139 1263 1802 1576">
     <span class='ocr_line' id='line_1_14' title="bbox 139 1263 1802 1327; baseline 0.002 -16"><span class='ocrx_word' id='word_1_94' title='bbox 139 1263 325 1312; x_wconf 76' lang='lat' dir='ltr'><strong>Eamus</strong></span> <span class='ocrx_word' id='word_1_95' title='bbox 371 1265 433 1312; x_wconf 89' lang='lat' dir='ltr'><strong>ad</strong></span> <span class='ocrx_word' id='word_1_96' title='bbox 481 1265 669 1327; x_wconf 87' lang='lat' dir='ltr'><strong>ipsam:</strong></span> <span class='ocrx_word' id='word_1_97' title='bbox 722 1280 821 1312; x_wconf 90' lang='lat' dir='ltr'><strong>una</strong></span> <span class='ocrx_word' id='word_1_98' title='bbox 867 1265 1028 1313; x_wconf 79' lang='lat' dir='ltr'><strong>omnis</strong></span> <span class='ocrx_word' id='word_1_99' title='bbox 1074 1281 1166 1313; x_wconf 88' lang='lat' dir='ltr'><strong>nos</strong></span> <span class='ocrx_word' id='word_1_100' title='bbox 1213 1274 1295 1313; x_wconf 90' lang='lat' dir='ltr'><strong>aut</strong></span> <span class='ocrx_word' id='word_1_101' title='bbox 1341 1267 1466 1314; x_wconf 70' lang='lat' dir='ltr'><strong>sesre</strong></span> <span class='ocrx_word' id='word_1_102' title='bbox 1501 1274 1582 1314; x_wconf 93' lang='lat' dir='ltr'><strong>aut</strong></span> <span class='ocrx_word' id='word_1_103' title='bbox 1616 1267 1802 1315; x_wconf 89' lang='lat' dir='ltr'><strong>nescire</strong></span> 
     </span>
     <span class='ocr_line' id='line_1_15' title="bbox 411 1346 1799 1413; baseline 0.002 -21"><span class='ocrx_word' id='word_1_104' title='bbox 411 1346 505 1394; x_wconf 71' lang='lat' dir='ltr'><strong>hoc</strong></span> <span class='ocrx_word' id='word_1_105' title='bbox 529 1348 652 1395; x_wconf 91' lang='lat' dir='ltr'><strong>volo.</strong></span> <span class='ocrx_word' id='word_1_106' title='bbox 689 1346 763 1411; x_wconf 85' lang='lat' dir='ltr'><em>(he</em></span> <span class='ocrx_word' id='word_1_107' title='bbox 798 1353 935 1394; x_wconf 88' lang='lat' dir='ltr'><em>turns</em></span> <span class='ocrx_word' id='word_1_108' title='bbox 969 1350 1175 1395; x_wconf 83' lang='lat' dir='ltr'><em>towards</em></span> <span class='ocrx_word' id='word_1_109' title='bbox 1209 1349 1281 1395; x_wconf 89' lang='lat' dir='ltr'><em>the</em></span> <span class='ocrx_word' id='word_1_110' title='bbox 1315 1349 1424 1395; x_wconf 90' lang='lat' dir='ltr'><em>door</em></span> <span class='ocrx_word' id='word_1_111' title='bbox 1458 1349 1520 1413; x_wconf 79' lang='lat' dir='ltr'><strong>of</strong></span> <span class='ocrx_word' id='word_1_112' title='bbox 1541 1350 1617 1396; x_wconf 82' lang='lat' dir='ltr'><strong>his</strong></span> <span class='ocrx_word' id='word_1_113' title='bbox 1651 1350 1799 1408; x_wconf 89' lang='lat' dir='ltr'><em>house,</em></span> 
     </span>
     <span class='ocr_line' id='line_1_16' title="bbox 409 1428 1800 1496; baseline 0.001 -21"><span class='ocrx_word' id='word_1_114' title='bbox 409 1429 652 1491; x_wconf 77' lang='lat' dir='ltr'><em>beckoning</em></span> <span class='ocrx_word' id='word_1_115' title='bbox 668 1434 711 1476; x_wconf 92' lang='lat' dir='ltr'><strong>to</strong></span> <span class='ocrx_word' id='word_1_116' title='bbox 731 1428 948 1476; x_wconf 76' lang='lat' dir='ltr'><em>Chremes</em></span> <span class='ocrx_word' id='word_1_117' title='bbox 972 1431 1072 1476; x_wconf 91' lang='lat' dir='ltr'><em>and</em></span> <span class='ocrx_word' id='word_1_118' title='bbox 1090 1430 1406 1478; x_wconf 78' lang='lat' dir='ltr'><em>Nausistrata</em></span> <span class='ocrx_word' id='word_1_119' title='bbox 1425 1436 1470 1478; x_wconf 86' lang='lat' dir='ltr'><strong>to</strong></span> <span class='ocrx_word' id='word_1_120' title='bbox 1472 1431 1650 1492; x_wconf 84' lang='lat' dir='ltr'><em>follow</em></span> <span class='ocrx_word' id='word_1_121' title='bbox 1667 1428 1800 1496; x_wconf 86' lang='lat' dir='ltr'><em>him.)</em></span> 
     </span>
     <span class='ocr_line' id='line_1_17' title="bbox 411 1509 1220 1576; baseline -0.001 -17"><span class='ocrx_word' id='word_1_122' title='bbox 411 1518 520 1559; x_wconf 81' lang='lat' dir='ltr'><strong>CH.</strong></span> <span class='ocrx_word' id='word_1_123' title='bbox 557 1509 787 1575; x_wconf 79' lang='lat' dir='ltr'><em>(slopping</em></span> <span class='ocrx_word' id='word_1_124' title='bbox 808 1509 1074 1576; x_wconf 76' lang='lat' dir='ltr'><em>Demipho.)</em></span> <span class='ocrx_word' id='word_1_125' title='bbox 1110 1512 1220 1558; x_wconf 82' lang='lat' dir='ltr'><strong>Ah!</strong></span> 
     </span>
    </p>

    <p class='ocr_par' dir='ltr' id='par_1_8' title="bbox 138 1592 1800 1740">
     <span class='ocr_line' id='line_1_18' title="bbox 138 1592 1799 1658; baseline 0.001 -18"><span class='ocrx_word' id='word_1_126' title='bbox 138 1599 245 1640; x_wconf 93' lang='lat' dir='ltr'><strong>DE.</strong></span> <span class='ocrx_word' id='word_1_127' title='bbox 283 1592 417 1652; x_wconf 87' lang='lat' dir='ltr'><strong>Quid</strong></span> <span class='ocrx_word' id='word_1_128' title='bbox 453 1593 560 1640; x_wconf 59' lang='lat' dir='ltr'><strong>ost?</strong></span> <span class='ocrx_word' id='word_1_129' title='bbox 622 1601 729 1641; x_wconf 86' lang='lat' dir='ltr'><strong>CH.</strong></span> <span class='ocrx_word' id='word_1_130' title='bbox 766 1592 1079 1658; x_wconf 67' lang='lat' dir='ltr'><em>(petulantly.)</em></span> <span class='ocrx_word' id='word_1_131' title='bbox 1114 1594 1221 1642; x_wconf 68' lang='lat' dir='ltr'><strong>Itan</strong></span> <span class='ocrx_word' id='word_1_132' title='bbox 1258 1609 1456 1656; x_wconf 89' lang='lat' dir='ltr'><strong>parvam</strong></span> <span class='ocrx_word' id='word_1_133' title='bbox 1497 1593 1616 1641; x_wconf 71' lang='lat' dir='ltr'><strong>mihi</strong></span> <span class='ocrx_word' id='word_1_134' title='bbox 1651 1594 1799 1641; x_wconf 90' lang='lat' dir='ltr'><strong>fidem</strong></span> 
     </span>
     <span class='ocr_line' id='line_1_19' title="bbox 408 1674 1800 1740; baseline 0.001 -18"><span class='ocrx_word' id='word_1_135' title='bbox 408 1691 513 1723; x_wconf 87' lang='lat' dir='ltr'>esse</span> <span class='ocrx_word' id='word_1_136' title='bbox 561 1674 691 1738; x_wconf 77' lang='lat' dir='ltr'><strong>apud</strong></span> <span class='ocrx_word' id='word_1_137' title='bbox 738 1678 812 1724; x_wconf 80' lang='lat' dir='ltr'><strong>tei</strong></span> <span class='ocrx_word' id='word_1_138' title='bbox 897 1682 1005 1724; x_wconf 93' lang='lat' dir='ltr'><strong>DE.</strong></span> <span class='ocrx_word' id='word_1_139' title='bbox 1044 1674 1386 1740; x_wconf 67' lang='lat' dir='ltr'><em>(z&#39;mpatz&#39;enlly.)</em></span> <span class='ocrx_word' id='word_1_140' title='bbox 1423 1675 1521 1723; x_wconf 91' lang='lat' dir='ltr'><strong>Vin</strong></span> <span class='ocrx_word' id='word_1_141' title='bbox 1567 1691 1646 1723; x_wconf 87' lang='lat' dir='ltr'><strong>me</strong></span> <span class='ocrx_word' id='word_1_142' title='bbox 1697 1675 1800 1724; x_wconf 59' lang='lat' dir='ltr'>cr&amp;-</span> 
     </span>
    </p>
   </div>
   <div class='ocr_carea' id='block_1_3' title="bbox 138 1757 1798 1969">
    <p class='ocr_par' dir='ltr' id='par_1_9' title="bbox 138 1757 1798 1969">
     <span class='ocr_line' id='line_1_20' title="bbox 409 1757 1798 1818; baseline 0.001 -14"><span class='ocrx_word' id='word_1_143' title='bbox 409 1757 560 1805; x_wconf 87' lang='lat' dir='ltr'><strong>dere?</strong></span> <span class='ocrx_word' id='word_1_144' title='bbox 1613 1777 1658 1818; x_wconf 91' lang='lat'><strong>15</strong></span> <span class='ocrx_word' id='word_1_145' title='bbox 1699 1761 1798 1805; x_wconf 90' lang='lat'><strong>810</strong></span> 
     </span>
     <span class='ocr_line' id='line_1_21' title="bbox 138 1838 1798 1904; baseline 0.002 -20"><span class='ocrx_word' id='word_1_146' title='bbox 138 1838 237 1885; x_wconf 92' lang='lat' dir='ltr'><strong>Vin</strong></span> <span class='ocrx_word' id='word_1_147' title='bbox 285 1838 397 1886; x_wconf 67' lang='lat' dir='ltr'><strong>satis</strong></span> <span class='ocrx_word' id='word_1_148' title='bbox 434 1840 704 1901; x_wconf 87' lang='lat' dir='ltr'><strong>quaesitum</strong></span> <span class='ocrx_word' id='word_1_149' title='bbox 750 1840 817 1887; x_wconf 88' lang='lat' dir='ltr'><strong>mi</strong></span> <span class='ocrx_word' id='word_1_150' title='bbox 866 1841 987 1904; x_wconf 72' lang='lat' dir='ltr'><strong>istuc</strong></span> <span class='ocrx_word' id='word_1_151' title='bbox 1035 1841 1175 1888; x_wconf 86' lang='lat' dir='ltr'><em>esse?</em></span> <span class='ocrx_word' id='word_1_152' title='bbox 1246 1855 1351 1901; x_wconf 87' lang='lat' dir='ltr'><em>age,</em></span> <span class='ocrx_word' id='word_1_153' title='bbox 1389 1838 1487 1886; x_wconf 73' lang='lat' dir='ltr'><strong>fiat.</strong></span> <span class='ocrx_word' id='word_1_154' title='bbox 1535 1839 1682 1902; x_wconf 88' lang='lat' dir='ltr'><strong>quid?</strong></span> <span class='ocrx_word' id='word_1_155' title='bbox 1718 1839 1798 1887; x_wconf 86' lang='lat' dir='ltr'><strong>illa</strong></span> 
     </span>
     <span class='ocr_line' id='line_1_22' title="bbox 410 1921 508 1969; baseline 0.01 -1"><span class='ocrx_word' id='word_1_156' title='bbox 410 1921 508 1969; x_wconf 86' lang='lat' dir='ltr'><strong>fssia</strong></span> 
     </span>
    </p>
   </div>
   <div class='ocr_carea' id='block_1_4' title="bbox 136 2001 1792 2065">
    <p class='ocr_par' dir='ltr' id='par_1_10' title="bbox 136 2001 1792 2065">
     <span class='ocr_line' id='line_1_23' title="bbox 136 2001 1792 2065; baseline 0.002 -16"><span class='ocrx_word' id='word_1_157' title='bbox 136 2003 297 2050; x_wconf 78' lang='lat' dir='ltr'><strong>Amici</strong></span> <span class='ocrx_word' id='word_1_158' title='bbox 333 2004 481 2050; x_wconf 90' lang='lat' dir='ltr'>nostri</span> <span class='ocrx_word' id='word_1_159' title='bbox 518 2003 632 2065; x_wconf 81' lang='lat' dir='ltr'><strong>quid</strong></span> <span class='ocrx_word' id='word_1_160' title='bbox 667 2003 878 2050; x_wconf 89' lang='lat' dir='ltr'><strong>futurum</strong></span> <span class='ocrx_word' id='word_1_161' title='bbox 913 2004 1020 2051; x_wconf 87' lang='lat' dir='ltr'><strong>est?</strong></span> <span class='ocrx_word' id='word_1_162' title='bbox 1107 2009 1215 2051; x_wconf 85' lang='lat' dir='ltr'><strong>CH.</strong></span> <span class='ocrx_word' id='word_1_163' title='bbox 1254 2001 1420 2051; x_wconf 59' lang='lat' dir='ltr'><strong>Roote.</strong></span> <span class='ocrx_word' id='word_1_164' title='bbox 1497 2009 1606 2050; x_wconf 90' lang='lat' dir='ltr'><strong>DE.</strong></span> <span class='ocrx_word' id='word_1_165' title='bbox 1645 2003 1792 2052; x_wconf 88' lang='lat' dir='ltr'><strong>Hanc</strong></span> 
     </span>
    </p>
   </div>
   <div class='ocr_carea' id='block_1_5' title="bbox 409 2085 851 2148">
    <p class='ocr_par' dir='ltr' id='par_1_11' title="bbox 409 2085 851 2148">
     <span class='ocr_line' id='line_1_24' title="bbox 409 2085 851 2148; baseline 0.002 -16"><span class='ocrx_word' id='word_1_166' title='bbox 409 2085 552 2148; x_wconf 86' lang='lat' dir='ltr'><strong>igitur</strong></span> <span class='ocrx_word' id='word_1_167' title='bbox 586 2086 816 2132; x_wconf 81' lang='lat' dir='ltr'><strong>mittimus</strong></span> <span class='ocrx_word' id='word_1_168' title='bbox 834 2086 851 2133; x_wconf 86' lang='lat'><strong>?</strong></span> 
     </span>
    </p>
   </div>
   <div class='ocr_carea' id='block_1_6' title="bbox 139 2153 1799 2311">
    <p class='ocr_par' dir='ltr' id='par_1_12' title="bbox 139 2153 1799 2311">
     <span class='ocr_line' id='line_1_25' title="bbox 139 2153 1799 2230; baseline 0.001 -17"><span class='ocrx_word' id='word_1_169' title='bbox 139 2172 248 2214; x_wconf 87' lang='lat' dir='ltr'><strong>CH.</strong></span> <span class='ocrx_word' id='word_1_170' title='bbox 274 2165 407 2225; x_wconf 88' lang='lat' dir='ltr'><strong>Quid</strong></span> <span class='ocrx_word' id='word_1_171' title='bbox 439 2168 521 2214; x_wconf 89' lang='lat' dir='ltr'><strong>ni?</strong></span> <span class='ocrx_word' id='word_1_172' title='bbox 591 2173 699 2215; x_wconf 91' lang='lat' dir='ltr'><strong>DE.</strong></span> <span class='ocrx_word' id='word_1_173' title='bbox 732 2153 821 2214; x_wconf 75' lang='lat' dir='ltr'><strong>slla</strong></span> <span class='ocrx_word' id='word_1_174' title='bbox 848 2168 1077 2214; x_wconf 89' lang='lat' dir='ltr'><strong>maneat?</strong></span> <span class='ocrx_word' id='word_1_175' title='bbox 1149 2172 1258 2214; x_wconf 84' lang='lat' dir='ltr'><strong>CH.</strong></span> <span class='ocrx_word' id='word_1_176' title='bbox 1287 2165 1380 2213; x_wconf 68' lang='lat' dir='ltr'><strong>Sic.</strong></span> <span class='ocrx_word' id='word_1_177' title='bbox 1451 2171 1559 2213; x_wconf 93' lang='lat' dir='ltr'><strong>DE.</strong></span> <span class='ocrx_word' id='word_1_178' title='bbox 1579 2163 1799 2230; x_wconf 80' lang='lat' dir='ltr'><em>(turning</em></span> 
     </span>
     <span class='ocr_line' id='line_1_26' title="bbox 407 2245 1797 2311; baseline 0 -17"><span class='ocrx_word' id='word_1_179' title='bbox 407 2253 450 2295; x_wconf 90' lang='lat' dir='ltr'><strong>to</strong></span> <span class='ocrx_word' id='word_1_180' title='bbox 501 2247 819 2296; x_wconf 78' lang='lat' dir='ltr'><em>Nausistrata</em></span> <span class='ocrx_word' id='word_1_181' title='bbox 867 2249 984 2294; x_wconf 81' lang='lat' dir='ltr'><em>with</em></span> <span class='ocrx_word' id='word_1_182' title='bbox 1031 2263 1061 2294; x_wconf 90' lang='lat' dir='ltr'><em>a</em></span> <span class='ocrx_word' id='word_1_183' title='bbox 1110 2249 1261 2309; x_wconf 80' lang='lat' dir='ltr'><em>shrug</em></span> <span class='ocrx_word' id='word_1_184' title='bbox 1306 2248 1369 2311; x_wconf 79' lang='lat' dir='ltr'><strong>of</strong></span> <span class='ocrx_word' id='word_1_185' title='bbox 1402 2247 1478 2294; x_wconf 85' lang='lat' dir='ltr'><strong>his</strong></span> <span class='ocrx_word' id='word_1_186' title='bbox 1527 2245 1797 2310; x_wconf 87' lang='lat' dir='ltr'><em>shoulders.)</em></span> 
     </span>
    </p>
   </div>
   <div class='ocr_carea' id='block_1_7' title="bbox 135 2327 1800 2555">
    <p class='ocr_par' dir='ltr' id='par_1_13' title="bbox 135 2327 1800 2555">
     <span class='ocr_line' id='line_1_27' title="bbox 409 2327 1798 2393; baseline -0.001 -17"><span class='ocrx_word' id='word_1_187' title='bbox 409 2329 487 2376; x_wconf 88' lang='lat' dir='ltr'><strong>Ire</strong></span> <span class='ocrx_word' id='word_1_188' title='bbox 524 2330 668 2391; x_wconf 89' lang='lat' dir='ltr'><strong>igitur</strong></span> <span class='ocrx_word' id='word_1_189' title='bbox 702 2330 787 2376; x_wconf 78' lang='lat' dir='ltr'><strong>tibi</strong></span> <span class='ocrx_word' id='word_1_190' title='bbox 823 2330 944 2387; x_wconf 85' lang='lat' dir='ltr'><strong>lieet,</strong></span> <span class='ocrx_word' id='word_1_191' title='bbox 981 2329 1299 2376; x_wconf 74' lang='lat' dir='ltr'><strong>Nausistrata.</strong></span> <span class='ocrx_word' id='word_1_192' title='bbox 1701 2327 1798 2393; x_wconf 83' lang='lat'><strong>(30)</strong></span> 
     </span>
     <span class='ocr_line' id='line_1_28' title="bbox 135 2409 1800 2473; baseline -0.001 -16"><span class='ocrx_word' id='word_1_193' title='bbox 135 2416 251 2457; x_wconf 83' lang='lat' dir='ltr'><strong>NA.</strong></span> <span class='ocrx_word' id='word_1_194' title='bbox 293 2410 369 2458; x_wconf 89' lang='lat' dir='ltr'><strong>Sic</strong></span> <span class='ocrx_word' id='word_1_195' title='bbox 405 2411 487 2472; x_wconf 78' lang='lat' dir='ltr'><strong>pol</strong></span> <span class='ocrx_word' id='word_1_196' title='bbox 523 2411 829 2459; x_wconf 87' lang='lat' dir='ltr'><strong>commodius</strong></span> <span class='ocrx_word' id='word_1_197' title='bbox 871 2410 976 2458; x_wconf 59' lang='lat' dir='ltr'><strong>&amp;sse</strong></span> <span class='ocrx_word' id='word_1_198' title='bbox 1016 2411 1066 2456; x_wconf 90' lang='lat' dir='ltr'><strong>in</strong></span> <span class='ocrx_word' id='word_1_199' title='bbox 1108 2411 1266 2458; x_wconf 90' lang='lat' dir='ltr'><strong>omnis</strong></span> <span class='ocrx_word' id='word_1_200' title='bbox 1305 2409 1525 2469; x_wconf 75' lang='lat' dir='ltr'><strong>arbitror,</strong></span> <span class='ocrx_word' id='word_1_201' title='bbox 1561 2425 1710 2473; x_wconf 90' lang='lat' dir='ltr'><strong>quam</strong></span> <span class='ocrx_word' id='word_1_202' title='bbox 1746 2418 1800 2456; x_wconf 89' lang='lat' dir='ltr'><strong>ut</strong></span> 
     </span>
     <span class='ocr_line' id='line_1_29' title="bbox 407 2491 651 2555; baseline 0.004 -16"><span class='ocrx_word' id='word_1_203' title='bbox 407 2491 651 2555; x_wconf 45' lang='lat' dir='ltr'><strong>coaperaa</strong></span> 
     </span>
    </p>
   </div>
   <div class='ocr_carea' id='block_1_8' title="bbox 97 2572 1798 2882">
    <p class='ocr_par' dir='ltr' id='par_1_14' title="bbox 97 2572 1798 2802">
     <span class='ocr_line' id='line_1_30' title="bbox 136 2572 1796 2636; baseline 0 -16"><span class='ocrx_word' id='word_1_204' title='bbox 136 2572 341 2621; x_wconf 57' lang='lat' dir='ltr'><strong>Mandre</strong></span> <span class='ocrx_word' id='word_1_205' title='bbox 383 2574 534 2632; x_wconf 89' lang='lat' dir='ltr'><strong>hanc;</strong></span> <span class='ocrx_word' id='word_1_206' title='bbox 578 2589 693 2621; x_wconf 88' lang='lat' dir='ltr'><strong>nam</strong></span> <span class='ocrx_word' id='word_1_207' title='bbox 731 2574 1026 2636; x_wconf 83' lang='lat' dir='ltr'><strong>perlsberalis</strong></span> <span class='ocrx_word' id='word_1_208' title='bbox 1061 2574 1161 2620; x_wconf 74' lang='lat' dir='ltr'><strong>visa</strong></span> <span class='ocrx_word' id='word_1_209' title='bbox 1203 2580 1286 2631; x_wconf 88' lang='lat' dir='ltr'><strong>est,</strong></span> <span class='ocrx_word' id='word_1_210' title='bbox 1327 2588 1478 2635; x_wconf 90' lang='lat' dir='ltr'><strong>quom</strong></span> <span class='ocrx_word' id='word_1_211' title='bbox 1513 2573 1625 2630; x_wconf 74' lang='lat' dir='ltr'><strong>vids,</strong></span> <span class='ocrx_word' id='word_1_212' title='bbox 1663 2572 1796 2620; x_wconf 86' lang='lat' dir='ltr'><strong>mihi.</strong></span> 
     </span>
     <span class='ocr_line' id='line_1_31' title="bbox 97 2645 1797 2718; baseline -0.001 -18"><span class='ocrx_word' id='word_1_213' title='bbox 97 2645 99 2647; x_wconf 35' lang='lat'>¹</span> <span class='ocrx_word' id='word_1_214' title='bbox 410 2653 535 2718; x_wconf 84' lang='lat' dir='ltr'><em>(exit</em></span> <span class='ocrx_word' id='word_1_215' title='bbox 564 2656 658 2702; x_wconf 85' lang='lat' dir='ltr'><em>into</em></span> <span class='ocrx_word' id='word_1_216' title='bbox 686 2656 769 2702; x_wconf 89' lang='lat' dir='ltr'><em>her</em></span> <span class='ocrx_word' id='word_1_217' title='bbox 791 2655 941 2714; x_wconf 85' lang='lat' dir='ltr'><em>house,</em></span> <span class='ocrx_word' id='word_1_218' title='bbox 969 2654 1194 2716; x_wconf 77' lang='lat' dir='ltr'><strong>Demipho</strong></span> <span class='ocrx_word' id='word_1_219' title='bbox 1221 2655 1416 2716; x_wconf 78' lang='lat' dir='ltr'><em>holding</em></span> <span class='ocrx_word' id='word_1_220' title='bbox 1446 2654 1519 2701; x_wconf 89' lang='lat' dir='ltr'><em>the</em></span> <span class='ocrx_word' id='word_1_221' title='bbox 1549 2655 1660 2700; x_wconf 87' lang='lat' dir='ltr'><em>door</em></span> <span class='ocrx_word' id='word_1_222' title='bbox 1687 2662 1797 2715; x_wconf 87' lang='lat' dir='ltr'><em>open</em></span> 
     </span>
     <span class='ocr_line' id='line_1_32' title="bbox 385 2735 1798 2802; baseline -0.001 -19"><span class='ocrx_word' id='word_1_223' title='bbox 385 2737 483 2799; x_wconf 86' lang='lat' dir='ltr'><strong>sor</strong></span> <span class='ocrx_word' id='word_1_224' title='bbox 506 2735 622 2802; x_wconf 92' lang='lat' dir='ltr'><em>her.)</em></span> <span class='ocrx_word' id='word_1_225' title='bbox 1612 2754 1662 2783; x_wconf 88' lang='lat'><strong>20</strong></span> <span class='ocrx_word' id='word_1_226' title='bbox 1700 2739 1798 2783; x_wconf 87' lang='grc'><strong>815</strong></span> 
     </span>
    </p>

    <p class='ocr_par' dir='ltr' id='par_1_15' title="bbox 137 2814 1798 2882">
     <span class='ocr_line' id='line_1_33' title="bbox 137 2814 1798 2882; baseline -0.001 -17"><span class='ocrx_word' id='word_1_227' title='bbox 137 2823 245 2865; x_wconf 89' lang='lat' dir='ltr'><strong>DE.</strong></span> <span class='ocrx_word' id='word_1_228' title='bbox 277 2815 492 2882; x_wconf 78' lang='lat' dir='ltr'><em>(turning</em></span> <span class='ocrx_word' id='word_1_229' title='bbox 514 2819 729 2881; x_wconf 67' lang='lat' dir='ltr'><em>abruptgy</em></span> <span class='ocrx_word' id='word_1_230' title='bbox 751 2823 793 2864; x_wconf 84' lang='lat' dir='ltr'><strong>to</strong></span> <span class='ocrx_word' id='word_1_231' title='bbox 818 2819 892 2865; x_wconf 85' lang='lat' dir='ltr'><strong>his</strong></span> <span class='ocrx_word' id='word_1_232' title='bbox 916 2816 1132 2881; x_wconf 83' lang='lat' dir='ltr'><em>brother.)</em></span> <span class='ocrx_word' id='word_1_233' title='bbox 1169 2817 1303 2876; x_wconf 86' lang='lat' dir='ltr'><strong>Quid</strong></span> <span class='ocrx_word' id='word_1_234' title='bbox 1332 2814 1456 2866; x_wconf 72' lang='lat' dir='ltr'><strong>istuc</strong></span> <span class='ocrx_word' id='word_1_235' title='bbox 1492 2817 1657 2880; x_wconf 89' lang='lat' dir='ltr'><strong>negoti</strong></span> <span class='ocrx_word' id='word_1_236' title='bbox 1692 2818 1798 2864; x_wconf 87' lang='lat' dir='ltr'><strong>est?</strong></span> 
     </span>
    </p>
   </div>
  </div>
 </body>
</html>
