1942 3112
196 113 295 161 106

842 121 1180 171 PHORMIO.

487 255 582 296 Ver.
612 263 691 308 471
722 255 776 296 ad
804 259 884 308 478
913 258 1082 299 iambici
1111 262 1310 302 octonarii

530 350 558 371 2>

532 416 561 436 θ’

531 479 558 501 22

530 545 556 565 25

526 997 538 1016 »a
526 931 538 951 υ
524 865 537 886 §o
530 802 542 822 ς,
527 736 539 756 ν
529 675 540 694 u
528 610 540 629 u

543 997 555 1016 *a
543 932 555 951 ν
541 867 551 886 *⁰
547 802 558 821 ς.
542 736 553 754 ⁸⁴
545 675 556 694 η
544 610 555 629 v

615 328 697 373 479
725 326 767 360 et
794 323 876 373 480
906 324 1105 365 trochaici
1134 328 1333 367 octonarii

617 387 694 437 481
728 387 782 426 ad
810 389 893 439 484
918 390 1116 431 trochaici
1143 392 1359 444 septenarii

614 451 694 502 485
725 451 910 493 clausula

613 515 694 566 486
722 517 923 558 iambicus
951 519 1183 560 octonarius

613 581 694 632 487
723 582 777 621 ad
805 583 885 634 489
913 583 1112 624 trochaici
1141 586 1357 638 septenarii

612 657 694 697 490
722 646 924 687 iambicus
951 649 1131 689 senarius

610 719 688 759 491
720 708 924 748 iambicus
953 710 1203 762 septenarius

614 783 693 824 492
723 772 923 813 iambicus
952 775 1184 814 octonarius

608 849 688 889 493
717 837 771 877 ad
801 850 876 889 501
907 839 1106 879 trochaici
1134 840 1350 892 septenarii

613 913 690 953 502
721 908 761 943 et
792 913 869 953 503
900 903 1066 944 iambici
1095 906 1294 945 octonarii

613 978 695 1019 504
721 968 776 1007 ad
805 966 885 1019 566
913 968 1110 1010 trochaici
1137 970 1354 1022 septenarii

612 1031 690 1084 567
720 1032 773 1073 ad
804 1040 879 1084 712
909 1033 1078 1074 iambici
1103 1036 1247 1075 senarii

614 1105 690 1149 713
720 1098 774 1137 ad
804 1105 880 1150 727
910 1098 1080 1138 iambici
1109 1099 1306 1140 octonarii

613 1163 707 1214 728,
739 1170 831 1214 730,
863 1170 937 1215 731
969 1164 1166 1204 trochaici
1195 1165 1395 1205 octonarii

610 1235 689 1280 729
718 1227 949 1269 trochaicus
978 1229 1150 1269 dimeter
1177 1230 1438 1272 catalecticus

610 1300 686 1344 732
718 1292 950 1334 trochaicus
978 1295 1226 1346 septenarius

613 1365 690 1410 733
719 1362 761 1397 et
788 1365 869 1410 734
896 1358 1065 1398 iambici
1092 1359 1293 1400 octonarii

541 1452 551 1468 ,
609 1430 686 1474 735
716 1423 771 1462 ad
802 1424 879 1475 738
909 1423 1108 1464 trochaici
1137 1424 1338 1465 octonarii

523 1517 552 1537 „
611 1497 688 1541 739
717 1488 771 1528 ad
802 1497 876 1541 741
909 1489 1106 1529 trochaici
1135 1490 1354 1542 septenarii

613 1560 689 1605 742
719 1553 773 1592 ad
805 1561 882 1612 747
904 1553 1071 1594 iambici
1099 1555 1299 1594 octonarii

611 1619 687 1670 748
717 1618 772 1658 ad
803 1617 882 1670 764
910 1618 1077 1659 iambici
1105 1619 1324 1672 septenarii

609 1682 685 1734 765
715 1683 917 1723 iambicus
945 1684 1178 1724 octonarius

524 1779 552 1797 ,‚
611 1746 689 1800 766
719 1747 773 1787 ad
804 1755 883 1799 794
911 1747 1079 1788 iambici
1108 1749 1324 1800 septenarii

522 1843 548 1862 „
607 1820 684 1865 795
714 1812 769 1852 ad
796 1814 876 1864 819
904 1812 1072 1853 iambici
1101 1814 1301 1853 octonarii

523 1907 546 1927 ‚‚
609 1879 689 1917 820
717 1877 771 1917 ad
801 1878 879 1929 827
908 1877 1075 1919 iambici
1105 1878 1323 1930 septenarii

521 1973 550 1992 „
607 1944 686 1983 828
715 1942 771 1983 ad
799 1943 879 1994 840
906 1942 1074 1982 iambici
1104 1942 1304 1983 octonarii

519 2038 546 2058 ,‚
603 2009 679 2058 841
710 2007 765 2047 ad
794 2007 878 2058 883
901 2007 1100 2048 trochaici
1129 2008 1343 2060 septenarii

522 2103 547 2122 „
606 2072 687 2124 884
714 2073 768 2112 ad
800 2083 906 2111 1010
934 2072 1103 2112 iambici
1132 2072 1278 2113 senarii

520 2168 548 2188 „
581 2148 683 2178 1011
715 2138 770 2178 ad
801 2148 904 2190 1055
934 2138 1132 2179 trochaici
1162 2136 1379 2191 septenarii
