1884 3042
94 135 130 177 1.
149 135 187 176 5.
210 134 289 189 [11.
313 91 378 188 1.]'
395 143 539 185 23-45.
690 184 694 185 γ
757 128 1096 174 PHORMJO.
1688 132 1758 189 55

93 277 200 320 DE.
235 269 522 318 Phaedriam
556 267 653 315 mei
688 265 843 315 fratris
878 267 1020 315 video
1057 266 1211 314 filium
1247 267 1314 313 mi
1351 266 1419 314 ire
1456 266 1664 315 obviam.

74 360 206 404 ‘PE
243 352 496 419 (cffusz’vdv
542 351 733 413 holding
779 356 858 398 out
901 351 1003 398 both
1045 348 1232 414 hands.)
1269 349 1342 396 Mi
1378 349 1564 412 patrue,
1603 349 1763 397 salve!

136 494 138 499 Α
363 441 471 483 ΒΕ.
508 424 740 498 (shortly.)
778 432 947 481 Salve!
985 433 1072 481 sed
1106 435 1189 481 ubi
1226 440 1298 481 est
1332 421 1590 495 Antipho?

95 525 207 568 PH.
246 517 442 566 Salvom
477 516 813 563 venire—DE.
841 514 1179 581 (z'nterrupling
1211 513 1530 581 z'mpalz'ently.)
1567 514 1762 564 Credo:

366 599 461 648 hoc
495 597 736 661 responde
773 598 905 646 mihi.
1578 618 1625 659 25
1667 602 1764 646 255

98 690 209 733 PH.
245 683 403 742 Valet,
441 679 462 746 (
470 683 687 744 pointing
711 686 751 727 lo
776 682 848 728 the
871 678 1046 746 house.)
1082 681 1164 730 h1‘c
1199 690 1301 730 est:
1342 682 1426 730 sed
1453 682 1576 729 satin
1602 681 1768 730 omnia

368 779 430 811 ex
467 762 735 810 sententia?

101 855 206 896 ma.
225 843 477 914 -Qrufflyq
505 845 696 893 vene‘m
722 844 934 908 quidem.
1005 827 1119 895 Pit.
1146 844 1454 911 (mnocently.)
1480 845 1614 907 Quid
1644 845 1768 895 istac

370 931 477 978 est?
558 935 665 976 DE.
727 927 965 994 (burstz'ng
1021 936 1101 976 out
1147 928 1492 994 passz’onatehx.)
1552 930 1768 994 Rogitas,

371 1011 640 1060 Phaedria?
1285 1030 1288 1035 ·

31 1133 35 1139 .
106 1094 269 1144 Bonas
303 1110 382 1143 me
418 1096 616 1143 absente
651 1094 728 1141 hic
766 1093 1038 1143 confecistis
1074 1092 1278 1157 miptias.

108 1183 218 1226 PH.
267 1175 402 1244 (wilh
450 1177 642 1240 affected
681 1173 906 1240 wonder.)
954 1175 1092 1224 Eho!
1142 1193 1205 1224 an
1242 1178 1292 1225 1'd
1339 1193 1594 1227 suscenses
1642 1177 1772 1227 mine

376 1260 442 1307 illi
461 1261 478 1307 ?
550 1266 655 1306 GE.
693 1256 867 1323 (aparzss
885 1260 1085 1321 rubbz'ng
1107 1260 1183 1307 lzz's
1207 1261 1338 1307 hand
1356 1262 1471 1308 with
1487 1263 1588 1324 glee
1612 1263 1780 1311 belzz'nd

379 1340 645 1404 Demz'plzo's
680 1340 831 1406 back.)
869 1341 915 1390 O
953 1342 1185 1390 artificem
1221 1345 1458 1406 probum!

109 1433 217 1474 DE.
251 1425 398 1491 Egon
433 1425 498 1472 ssli
533 1440 635 1472 non
671 1423 1014 1472 suscenseam?
1064 1425 1223 1487 ipsum
1258 1426 1412 1488 ge‘stio
1587 1449 1639 1488 30
1676 1433 1772 1477 260

109 1508 227 1556 Dari
260 1508 328 1555 mi
363 1509 413 1554 1'n
450 1514 783 1569 conspectum,
824 1504 954 1554 minc
992 1522 1078 1554 sua
1107 1507 1248 1570 eulpa
1283 1507 1334 1556 iit
1370 1510 1491 1558 sciat

109 1590 295 1640 Lenem
329 1598 518 1653 patrem
553 1589 689 1637 illum
724 1589 903 1637 factum
940 1604 1020 1637 me
1057 1605 1161 1637 esse
1198 1590 1516 1640 acerrumum.

109 1681 222 1724 PH.
257 1674 410 1735 Atqui
444 1673 512 1720 nil
547 1671 672 1731 feeit,
711 1671 894 1734 patrue,
929 1672 1066 1734 quod
1102 1672 1398 1722 suscenseas.

110 1763 216 1805 DE.
250 1755 384 1804 Ecce
420 1754 583 1803 atitem
618 1754 790 1802 similia
825 1754 1021 1802 omnia:
1059 1769 1232 1803 omnes
1268 1757 1568 1819 congruont:

111 1837 278 1887 Vmim
313 1853 464 1902 quom
500 1838 647 1895 noris,
684 1837 844 1884 omnis
869 1837 1015 1884 noris.
1064 1843 1176 1884 PH.
1203 1837 1355 1887 Halid
1380 1840 1446 1888 ita
1470 1850 1555 1889 est.
1598 1862 1646 1902 35
1677 1845 1774 1891 265
1866 1835 1873 1846 ’

111 1927 217 1969 DE.
254 1921 352 1968 Hic
385 1922 438 1968 ‘in
474 1919 622 1967 noxia
656 1927 743 1976 est,
767 1919 846 1966 ssle
884 1919 947 1966 ad
983 1919 1339 1968 defendendam
1375 1921 1575 1971 calisam
1611 1925 1775 1973 adest:

115 2002 281 2062 Quom
315 2003 394 2050 ille
429 2002 516 2061 est,
553 2002 630 2049 hic
667 2010 861 2064 praesto
898 2008 1001 2049 est:
1038 2002 1232 2051 tradunt
1269 2020 1443 2067 operas
1479 2004 1684 2054 mtituas.

114 2092 218 2134 GE.
254 2082 437 2151 (aside.)
472 2084 630 2132 Probe
666 2084 841 2132 horum
876 2084 1000 2132 facta
1035 2083 1300 2147 inprtidens
1337 2087 1556 2150 depinxit
1591 2104 1755 2137 senex.

112 2173 218 2215 DE.
254 2167 385 2216 Nam
421 2167 470 2214 ni
505 2165 627 2215 haee
664 2168 729 2214 ita
764 2175 940 2226 essent,
981 2183 1094 2215 cum
1132 2168 1216 2216 sslo
1253 2168 1387 2217 haud
1422 2179 1587 2230 stares,
1621 2171 1779 2219 Phae-

381 2251 495 2298 dria.

111 2338 222 2381 PH.
258 2330 331 2398 (in
354 2349 385 2380 a
409 2337 507 2380 tone
530 2332 592 2392 of
602 2333 728 2394 quiet
746 2329 1121 2397 remonstrance.)
1159 2333 1211 2381 Si
1248 2342 1333 2393 est,
1371 2334 1555 2397 patrue,
1582 2337 1778 2400 culpam

381 2421 434 2461 ut
467 2403 686 2476 Antipho
722 2414 784 2461 in·
809 2430 860 2462 se
897 2415 1156 2473 admiserit,
1584 2441 1638 2477 40
1676 2425 1776 2469 270

39 2546 47 2553 ,
110 2496 188 2544 Ex
223 2493 321 2560 qua
356 2512 406 2544 re
442 2496 603 2544 minsis
639 2496 709 2544 rei
743 2496 867 2544 foret
903 2506 984 2545 aut
1019 2497 1176 2546 famae
1213 2498 1506 2562 temperans,

111 2578 228 2628 Non
264 2577 462 2627 catisam
492 2579 602 2626 dico
638 2579 756 2642 quin
792 2580 926 2642 quod
962 2581 1157 2629 meritus
1193 2583 1255 2629 sit
1291 2582 1423 2630 ferat.

115 2659 210 2709 Sed
245 2663 288 2708 si
321 2661 428 2723 quis
463 2660 583 2710 forte
617 2661 798 2710 malitia
834 2661 983 2710 frenis
1020 2678 1106 2711 sua

114 2742 322 2791 Insidias
356 2752 550 2791 nostrae
585 2742 694 2791 feeit
730 2743 1083 2793 adulescentiae

114 2818 187 2874 Ac
221 2826 348 2885 vicit,
383 2833 584 2875 nostran
620 2824 763 2889 cfilpa
799 2842 857 2874 ea
892 2835 966 2875 est
1001 2843 1065 2875 an
1101 2825 1328 2888 iiidicum,
1588 2852 1641 2892 45
1682 2837 1778 2882 275
